@ARTICLE{Hernquist92,
   author = {{Hernquist}, L. and {Ostriker}, J.~P.},
    title = "{A self-consistent field method for galactic dynamics}",
  journal = {\apj},
 keywords = {Celestial Mechanics, Computational Astrophysics,
Galaxies, Stellar Motions, Algorithms, Astronomical Models, Dynamical
Systems, Numerical Analysis},
     year = 1992,
    month = feb,
   volume = 386,
    pages = {375-397},
      doi = {10.1086/171025},
   adsurl = {http://adsabs.harvard.edu/abs/1992ApJ...386..375H},
  adsnote = {Provided by the SAO/NASA Astrophysics Data System}
}


@ARTICLE{Hashimoto03,
   author = {{Hashimoto}, Y. and {Funato}, Y. and {Makino}, J.},
    title = "{To Circularize or Not To Circularize?-Orbital Evolution
of Satellite Galaxies}",
  journal = {\apj},
   eprint = {astro-ph/0208452},
 keywords = {Galaxies: Individual: Name: Sagittarius Dwarf, Galaxy:
Kinematics and Dynamics, Galaxies: Local Group, Galaxies: Magellanic
Clouds, Methods: Numerical, Stellar Dynamics},
     year = 2003,
    month = jan,
   volume = 582,
    pages = {196-201},
      doi = {10.1086/344260},
   adsurl = {http://adsabs.harvard.edu/abs/2003ApJ...582..196H},
  adsnote = {Provided by the SAO/NASA Astrophysics Data System}
}

@ARTICLE{Weinberg89,
       author = {{Weinberg}, Martin D.},
        title = "{Self-gravitating response of a spherical galaxy to sinking satellites}",
      journal = {\mnras},
     keywords = {Celestial Mechanics, Disk Galaxies, Dwarf Galaxies, Orbit Decay, Stellar Motions, Interacting Galaxies, Luminosity, Orbital Mechanics, Perturbation, Astrophysics},
         year = 1989,
        month = Aug,
       volume = {239},
        pages = {549-569},
          doi = {10.1093/mnras/239.2.549},
       adsurl = {https://ui.adsabs.harvard.edu/\#abs/1989MNRAS.239..549W},
      adsnote = {Provided by the SAO/NASA Astrophysics Data System}
}



@ARTICLE{Weinberg95,
   author = {{Weinberg}, M.~D.},
    title = "{Production of Milky Way Structure by the Magellanic
Clouds}",
  journal = {\apjl},
   eprint = {astro-ph/9507071},
 keywords = {GALAXY: HALO, GALAXY: STRUCTURE, GALAXIES: HALOS,
GALAXIES: KINEMATICS AND DYNAMICS, GALAXIES: MAGELLANIC CLOUDS},
     year = 1995,
    month = dec,
   volume = 455,
    pages = {L31},
      doi = {10.1086/309803},
   adsurl = {http://adsabs.harvard.edu/abs/1995ApJ...455L..31W},
  adsnote = {Provided by the SAO/NASA Astrophysics Data System}
}


@ARTICLE{Weinberg98a,
   author = {{Weinberg}, M.~D.},
    title = "{Fluctuations in finite-N equilibrium stellar systems}",
  journal = {\mnras},
   eprint = {astro-ph/9707206},
 keywords = {GRAVITATION, METHODS: NUMERICAL, METHODS: STATISTICAL,
CELESTIAL MECHANICS, STELLAR DYNAMICS, GALAXIES: EVOLUTION, GALAXIES:
KINEMATICS AND DYNAMICS},
     year = 1998,
    month = jun,
   volume = 297,
    pages = {101-107},
      doi = {10.1046/j.1365-8711.1998.01456.x},
   adsurl = {http://adsabs.harvard.edu/abs/1998MNRAS.297..101W},
  adsnote = {Provided by the SAO/NASA Astrophysics Data System}
}


@ARTICLE{Weinberg98b,
   author = {{Weinberg}, M.~D.},
    title = "{Dynamics of an interacting luminous disc, dark halo and
satellite companion}",
  journal = {\mnras},
 keywords = {GALAXY: HALO, GALAXY: STRUCTURE, GALAXIES: HALOES,
GALAXIES: KINEMATICS AND DYNAMICS, MAGELLANIC CLOUDS},
     year = 1998,
    month = sep,
   volume = 299,
    pages = {499-514},
      doi = {10.1046/j.1365-8711.1998.01790.x},
   adsurl = {http://adsabs.harvard.edu/abs/1998MNRAS.299..499W},
  adsnote = {Provided by the SAO/NASA Astrophysics Data System}
}


@ARTICLE{Weinberg07a,
	author = {{Weinberg}, Martin D. and {Katz}, Neal},
	title = "{The bar-halo interaction - I. From fundamental
                  dynamics to revised N-body requirements}",
      journal = {\mnras},
           keywords = {stellar dynamics, galaxies: evolution, galaxies: haloes,
             galaxy:
                       structure, dark matter, Astrophysics},
                    year = 2007,
                            month = Feb,
                                   volume = {375},
                                           pages = {425-459},
                                                     doi =
                                                     {10.1111/j.1365-2966.2006.11306.x},
                                                     archivePrefix = {arXiv},
                                                            eprint =
                                                            {astro-ph/0508166},
                                                             primaryClass =
                                                             {astro-ph},
                                                                    adsurl =
                                                                    {https://ui.adsabs.harvard.edu/#abs/2007MNRAS.375..425W},
                                                                          adsnote
                                                                            =
                                                                            {Provided
                                                                              by
                                                                                the
                                                                                SAO/NASA
                                                                                Astrophysics
                                                                                Data
                                                                                System}
}


@ARTICLE{Choi09,
         author = {{Choi}, Jun-Hwan and {Weinberg}, Martin D. and {Katz}, Neal},
                 title = "{The dynamics of satellite disruption in cold dark
                   matter haloes}",
        journal = {\mnras},
             keywords = {galaxies: evolution, galaxies: haloes, galaxies:
               interaction, galaxies:
                         kinematics and dynamics, methods: N-body simulation,
               methods:
                         numerical, Astrophysics},
                      year = 2009,
                              month = Dec,
                                     volume = {400},
                                             pages = {1247-1263},
                                                       doi =
                                                       {10.1111/j.1365-2966.2009.15556.x},
                                                       archivePrefix = {arXiv},
                                                              eprint =
                                                              {0812.0009},
                                                               primaryClass =
                                                               {astro-ph},
                                                                      adsurl =
                                                                      {https://ui.adsabs.harvard.edu/#abs/2009MNRAS.400.1247C},
                                                                            adsnote
                                                                              =
                                                                              {Provided
                                                                                by
                                                                                  the
                                                                                  SAO/NASA
                                                                                  Astrophysics
                                                                                  Data
                                                                                  System}
}


@ARTICLE{Weinberg06,
       author = {{Weinberg}, Martin D. and {Blitz}, Leo},
        title = "{A Magellanic Origin for the Warp of the Galaxy}",
      journal = {\apj},
     keywords = {Galaxy: Disk, Galaxy: Kinematics and Dynamics, Galaxy: Structure,
        Astrophysics},
         year = 2006,
        month = Apr,
       volume = {641},
        pages = {L33-L36},
          doi = {10.1086/503607},
archivePrefix = {arXiv},
       eprint = {astro-ph/0601694},
 primaryClass = {astro-ph},
       adsurl = {https://ui.adsabs.harvard.edu/#abs/2006ApJ...641L..33W},
      adsnote = {Provided by the SAO/NASA Astrophysics Data System}
}



@ARTICLE{McMillan17,
   author = {{McMillan}, P.~J.},
    title = "{The mass distribution and gravitational potential of the
Milky Way}",
  journal = {\mnras},
archivePrefix = "arXiv",
   eprint = {1608.00971},
 keywords = {methods: statistical, Galaxy: fundamental parameters,
Galaxy: kinematics and dynamics, Galaxy: structure},
     year = 2017,
    month = feb,
   volume = 465,
    pages = {76-94},
      doi = {10.1093/mnras/stw2759},
   adsurl = {http://adsabs.harvard.edu/abs/2017MNRAS.465...76M},
  adsnote = {Provided by the SAO/NASA Astrophysics Data System}
}

@ARTICLE{Einasto65,
       author = {{Einasto}, J.},
        title = "{On the Construction of a Composite Model for the Galaxy and on the
        Determination of the System of Galactic Parameters}",
      journal = {Trudy Astrofizicheskogo Instituta Alma-Ata},
         year = 1965,
        month = Jan,
       volume = {5},
        pages = {87-100},
       adsurl = {https://ui.adsabs.harvard.edu/#abs/1965TrAlm...5...87E},
      adsnote = {Provided by the SAO/NASA Astrophysics Data System}
}


@ARTICLE{Peebles10,
       author = {{Peebles}, P.~J.~E.},
        title = "{Orbit of the Large Magellanic Cloud in a Dynamical Model for the Local
        Group}",
      journal = {ArXiv e-prints},
     keywords = {Astrophysics - Cosmology and Extragalactic Astrophysics},
         year = 2010,
        month = Sep,
          eid = {arXiv:1009.0496},
        pages = {arXiv:1009.0496},
archivePrefix = {arXiv},
       eprint = {1009.0496},
 primaryClass = {astro-ph.CO},
       adsurl = {https://ui.adsabs.harvard.edu/#abs/2010arXiv1009.0496P},
      adsnote = {Provided by the SAO/NASA Astrophysics Data System}
}

@ARTICLE{Eddington16b,
       author = {{Eddington}, A.~S.},
        title = "{The distribution of stars in globular clusters}",
      journal = {\mnras},
         year = 1916,
        month = May,
       volume = {76},
        pages = {572-585},
          doi = {10.1093/mnras/76.7.572},
       adsurl = {https://ui.adsabs.harvard.edu/#abs/1916MNRAS..76..572E},
      adsnote = {Provided by the SAO/NASA Astrophysics Data System}
}



@ARTICLE{Penarrubia08,
       author = {{Pe{\~n}arrubia}, Jorge and {McConnachie}, Alan W. and {Navarro}, Julio
        F.},
        title = "{The Cold Dark Matter Halos of Local Group Dwarf Spheroidals}",
      journal = {\apj},
     keywords = {galaxies: dwarf, galaxies: evolution, galaxies: fundamental parameters,
        galaxies: halos, galaxies: kinematics and dynamics, Local Group,
        Astrophysics},
         year = 2008,
        month = Jan,
       volume = {672},
        pages = {904-913},
          doi = {10.1086/521543},
archivePrefix = {arXiv},
       eprint = {astro-ph/0701780},
 primaryClass = {astro-ph},
       adsurl = {https://ui.adsabs.harvard.edu/#abs/2008ApJ...672..904P},
      adsnote = {Provided by the SAO/NASA Astrophysics Data System}
}


@ARTICLE{Springel05,
   author = {{Springel}, V.},
    title = "{The cosmological simulation code GADGET-2}",
  journal = {\mnras},
   eprint = {astro-ph/0505010},
 keywords = {methods: numerical, galaxies: interactions, dark matter},
     year = 2005,
    month = dec,
   volume = 364,
    pages = {1105-1134},
      doi = {10.1111/j.1365-2966.2005.09655.x},
   adsurl = {http://adsabs.harvard.edu/abs/2005MNRAS.364.1105S},
  adsnote = {Provided by the SAO/NASA Astrophysics Data System}
}

@ARTICLE{Merritt06,
       author = {{Merritt}, David and {Graham}, Alister W. and {Moore}, Ben and
        {Diemand}, J{\"u}rg and {Terzi{\'c}}, Bal{\v{s}}a},
        title = "{Empirical Models for Dark Matter Halos. I. Nonparametric Construction of Density Profiles and Comparison with Parametric Models}",
      journal = {\aj},
     keywords = {Cosmology: Dark Matter, Galaxies: Halos, Methods: N-Body Simulations, Astrophysics},
         year = 2006,
        month = Dec,
       volume = {132},
        pages = {2685-2700},
          doi = {10.1086/508988},
archivePrefix = {arXiv},
       eprint = {astro-ph/0509417},
 primaryClass = {astro-ph},
       adsurl = {https://ui.adsabs.harvard.edu/\#abs/2006AJ....132.2685M},
      adsnote = {Provided by the SAO/NASA Astrophysics Data System}
}



@ARTICLE{Springel08,
       author = {{Springel}, V. and {Wang}, J. and {Vogelsberger}, M. and {Ludlow}, A.
        and {Jenkins}, A. and {Helmi}, A. and {Navarro}, J.~F. and
        {Frenk}, C.~S. and {White}, S.~D.~M.},
        title = "{The Aquarius Project: the subhaloes of galactic haloes}",
      journal = {\mnras},
     keywords = {methods: numerical, dark matter, Astrophysics},
         year = 2008,
        month = Dec,
       volume = {391},
        pages = {1685-1711},
          doi = {10.1111/j.1365-2966.2008.14066.x},
archivePrefix = {arXiv},
       eprint = {0809.0898},
 primaryClass = {astro-ph},
       adsurl = {https://ui.adsabs.harvard.edu/#abs/2008MNRAS.391.1685S},
      adsnote = {Provided by the SAO/NASA Astrophysics Data System}
}

@ARTICLE{Athanassoula00,
   author = {{Athanassoula}, E. and {Fady}, E. and {Lambert}, J.~C.
and {Bosma}, A.
	},
    title = "{Optimal softening for force calculations in
collisionless N-body simulations}",
  journal = {\mnras},
   eprint = {astro-ph/9912467},
 keywords = {METHODS: NUMERICAL, GALAXIES: KINEMATICS AND DYNAMICS,
GALAXIES: STRUCTURE},
     year = 2000,
    month = may,
   volume = 314,
    pages = {475-488},
      doi = {10.1046/j.1365-8711.2000.03316.x},
   adsurl = {http://adsabs.harvard.edu/abs/2000MNRAS.314..475A},
  adsnote = {Provided by the SAO/NASA Astrophysics Data System}
}


@ARTICLE{Yurin14,
   author = {{Yurin}, D. and {Springel}, V.},
    title = "{An iterative method for the construction of N-body
galaxy models in collisionless equilibrium}",
  journal = {\mnras},
archivePrefix = "arXiv",
   eprint = {1402.1623},
 keywords = {methods: numerical, stars: kinematics and dynamics,
galaxies: haloes, galaxies: kinematics and dynamics, galaxies:
structure},
     year = 2014,
    month = oct,
   volume = 444,
    pages = {62-79},
      doi = {10.1093/mnras/stu1421},
   adsurl = {http://adsabs.harvard.edu/abs/2014MNRAS.444...62Y},
  adsnote = {Provided by the SAO/NASA Astrophysics Data System}
}

@ARTICLE{Power03,
   author = {{Power}, C. and {Navarro}, J.~F. and {Jenkins}, A. and
{Frenk}, C.~S. and
	{White}, S.~D.~M. and {Springel}, V. and {Stadel}, J. and {Quinn},
T.
	},
    title = "{The inner structure of {$\Lambda$}CDM haloes - I. A
numerical convergence study}",
  journal = {\mnras},
   eprint = {astro-ph/0201544},
 keywords = {gravitation, cosmology: theory, dark matter},
     year = 2003,
    month = jan,
   volume = 338,
    pages = {14-34},
      doi = {10.1046/j.1365-8711.2003.05925.x},
   adsurl = {http://adsabs.harvard.edu/abs/2003MNRAS.338...14P},
  adsnote = {Provided by the SAO/NASA Astrophysics Data System}
}


@ARTICLE{White83,
       author = {{White}, S.~D.~M.},
        title = "{Simulations of sinking satellites}",
      journal = {\apj},
     keywords = {Computerized Simulation, Galactic Clusters, Many Body Problem, Natural
        Satellites, Orbit Decay, Decay Rates, Equations Of Motion,
        Gravitational Fields, Orbital Mechanics, Satellite Orbits,
        Astronomy},
         year = 1983,
        month = Nov,
       volume = {274},
        pages = {53-61},
          doi = {10.1086/161425},
       adsurl = {https://ui.adsabs.harvard.edu/\#abs/1983ApJ...274...53W},
      adsnote = {Provided by the SAO/NASA Astrophysics Data System}
}




%-------------------   MW & LMC models --------------------------------

@ARTICLE{Besla16,
   author = {{Besla}, G. and {Mart{\'{\i}}nez-Delgado}, D. and {van
der Marel}, R.~P. and
	{Beletsky}, Y. and {Seibert}, M. and {Schlafly}, E.~F. and
{Grebel}, E.~K. and
	{Neyer}, F.},
    title = "{Low Surface Brightness Imaging of the Magellanic System:
Imprints of Tidal Interactions between the Clouds in the Stellar
Periphery}",
  journal = {\apj},
archivePrefix = "arXiv",
   eprint = {1602.04222},
 keywords = {galaxies: dwarf, galaxies: interactions, Galaxy:
kinematics and dynamics, Magellanic Clouds},
     year = 2016,
    month = jul,
   volume = 825,
      eid = {20},
    pages = {20},
      doi = {10.3847/0004-637X/825/1/20},
   adsurl = {http://adsabs.harvard.edu/abs/2016ApJ...825...20B},
  adsnote = {Provided by the SAO/NASA Astrophysics Data System}
}

@ARTICLE{Salem15,
   author = {{Salem}, M. and {Besla}, G. and {Bryan}, G. and {Putman},
             M. and {van der Marel}, R.~P. and {Tonnesen}, S.},
    title = "{Ram Pressure Stripping of the Large Magellanic Cloud's
            Disk as a Probe of the Milky Way's Circumgalactic Medium}",
  journal = {\apj},
  archivePrefix = "arXiv",
   eprint = {1507.07935},
 keywords = {Galaxy: structure, hydrodynamics, intergalactic medium,
             Magellanic Clouds},
     year = 2015,
    month = dec,
   volume = 815,
      eid = {77},
    pages = {77},
      doi = {10.1088/0004-637X/815/1/77},
   adsurl = {http://adsabs.harvard.edu/abs/2015ApJ...815...77S},
  adsnote = {Provided by the SAO/NASA Astrophysics Data System}
}



@ARTICLE{Penarrubia16,
   author = {{Pe{\~n}arrubia}, J. and {G{\'o}mez}, F.~A. and {Besla},
G. and
	{Erkal}, D. and {Ma}, Y.-Z.},
    title = "{A timing constraint on the (total) mass of the Large Magellanic Cloud}",
  journal = {\mnras},
archivePrefix = "arXiv",
   eprint = {1507.03594},
 keywords = {Galaxy: kinematics and dynamics, galaxies: evolution},
     year = 2016,
    month = feb,
   volume = 456,
    pages = {L54-L58},
      doi = {10.1093/mnrasl/slv160},
   adsurl = {http://adsabs.harvard.edu/abs/2016MNRAS.456L..54P},
  adsnote = {Provided by the SAO/NASA Astrophysics Data System}
}

@ARTICLE{Gomez15,
   author = {{G{\'o}mez}, F.~A. and {Besla}, G. and {Carpintero},
D.~D. and
	{Villalobos}, {\'A}. and {O'Shea}, B.~W. and {Bell}, E.~F.},
    title = "{And Yet it Moves: The Dangers of Artificially Fixing the
Milky Way Center of Mass in the Presence of a Massive Large Magellanic
Cloud}",
  journal = {\apj},
archivePrefix = "arXiv",
   eprint = {1408.4128},
 keywords = {galaxies: formation, Galaxy: formation, Galaxy: halo,
methods: analytical, methods: numerical, methods: statistical},
     year = 2015,
    month = apr,
   volume = 802,
      eid = {128},
    pages = {128},
      doi = {10.1088/0004-637X/802/2/128},
   adsurl = {http://adsabs.harvard.edu/abs/2015ApJ...802..128G},
  adsnote = {Provided by the SAO/NASA Astrophysics Data System}
}

@ARTICLE{Gomez17,
       author = {{G{\'o}mez}, Facundo A. and {White}, Simon D.~M. and {Grand}, Robert
        J.~J. and {Marinacci}, Federico and {Springel}, Volker and
        {Pakmor}, R{\"u}diger},
        title = "{Warps and waves in the stellar discs of the Auriga cosmological simulations}",
      journal = {\mnras},
     keywords = {Galaxy: disc, Galaxy: evolution, galaxies: evolution, galaxies: interactions, galaxies: kinematics and dynamics, Astrophysics - Astrophysics of Galaxies},
         year = 2017,
        month = Mar,
       volume = {465},
        pages = {3446-3460},
          doi = {10.1093/mnras/stw2957},
archivePrefix = {arXiv},
       eprint = {1606.06295},
 primaryClass = {astro-ph.GA},
       adsurl = {https://ui.adsabs.harvard.edu/\#abs/2017MNRAS.465.3446G},
      adsnote = {Provided by the SAO/NASA Astrophysics Data System}
}



@ARTICLE{Besla18,
       author = {{Besla}, Gurtina and {Patton}, David R. and {Stierwalt}, Sabrina and
        {Rodriguez-Gomez}, Vicente and {Patel}, Ekta and {Kallivayalil},
        Nitya J. and {Johnson}, Kelsey E. and {Pearson}, Sarah and
        {Privon}, George C. and {Putman}, Mary E.},
        title = "{The frequency of dwarf galaxy multiples at low redshift in SDSS versus
        cosmological expectations}",
      journal = {\mnras},
     keywords = {galaxies: dwarf, galaxies: groups: general, Magellanic Clouds,
        Astrophysics - Astrophysics of Galaxies},
         year = 2018,
        month = Nov,
       volume = {480},
        pages = {3376-3396},
          doi = {10.1093/mnras/sty2041},
 primaryClass = {astro-ph.GA},
       adsurl = {https://ui.adsabs.harvard.edu/#abs/2018MNRAS.480.3376B},
      adsnote = {Provided by the SAO/NASA Astrophysics Data System}
}

@ARTICLE{Jethwa16,
       author = {{Jethwa}, P. and {Erkal}, D. and {Belokurov}, V.},
        title = "{A Magellanic origin of the DES dwarfs}",
      journal = {\mnras},
     keywords = {galaxies: dwarf, Magellanic Clouds, Astrophysics - Astrophysics of
        Galaxies},
         year = 2016,
        month = Sep,
       volume = {461},
        pages = {2212-2233},
          doi = {10.1093/mnras/stw1343},
 primaryClass = {astro-ph.GA},
       adsurl = {https://ui.adsabs.harvard.edu/#abs/2016MNRAS.461.2212J},
      adsnote = {Provided by the SAO/NASA Astrophysics Data System}
}

@ARTICLE{Green02b,
       author = {{Green}, Anne M.},
        title = "{Effect of halo modeling on weakly interacting massive particle exclusion limits}",
      journal = {\prd},
     keywords = {98.70.Vc, 98.80.Cq, Background radiations, Particle-theory and field-theory models of the early Universe, Astrophysics, High Energy Physics - Phenomenology},
         year = 2002,
        month = Oct,
       volume = {66},
          eid = {083003},
        pages = {083003},
          doi = {10.1103/PhysRevD.66.083003},
archivePrefix = {arXiv},
       eprint = {astro-ph/0207366},
 primaryClass = {astro-ph},
       adsurl = {https://ui.adsabs.harvard.edu/\#abs/2002PhRvD..66h3003G},
      adsnote = {Provided by the SAO/NASA Astrophysics Data System}
}

@ARTICLE{Green02a,
       author = {{Green}, Anne M.},
        title = "{Interpreting data from WIMP direct detection experiments}",
      journal = {arXiv e-prints},
     keywords = {High Energy Physics - Phenomenology, Astrophysics},
         year = 2002,
        month = Aug,
          eid = {hep-ph/0208140},
        pages = {hep-ph/0208140},
archivePrefix = {arXiv},
       eprint = {hep-ph/0208140},
 primaryClass = {hep-ph},
       adsurl = {https://ui.adsabs.harvard.edu/\#abs/2002hep.ph....8140G},
      adsnote = {Provided by the SAO/NASA Astrophysics Data System}
}






@ARTICLE{Kallivayalil13,
   author = {{Kallivayalil}, N. and {van der Marel}, R.~P. and
{Besla}, G. and
	{Anderson}, J. and {Alcock}, C.},
    title = "{Third-epoch Magellanic Cloud Proper Motions. I. Hubble
Space Telescope/WFC3 Data and Orbit Implications}",
  journal = {\apj},
archivePrefix = "arXiv",
   eprint = {1301.0832},
 keywords = {galaxies: evolution, galaxies: interactions, galaxies:
kinematics and dynamics, Galaxy: structure, Magellanic Clouds},
     year = 2013,
    month = feb,
   volume = 764,
      eid = {161},
    pages = {161},
      doi = {10.1088/0004-637X/764/2/161},
   adsurl = {http://adsabs.harvard.edu/abs/2013ApJ...764..161K},
  adsnote = {Provided by the SAO/NASA Astrophysics Data System}
}

@ARTICLE{Kallivayalil18,
       author = {{Kallivayalil}, Nitya and {Sales}, Laura V. and {Zivick}, Paul and
        {Fritz}, Tobias K. and {Del Pino}, Andr{\'e}s and {Sohn}, Sangmo
        Tony and {Besla}, Gurtina and {van der Marel}, Roeland P. and
        {Navarro}, Julio F. and {Sacchi}, Elena},
        title = "{The Missing Satellites of the Magellanic Clouds? Gaia Proper Motions of
        the Recently Discovered Ultra-faint Galaxies}",
      journal = {\apj},
     keywords = {dark matter, galaxies: interactions, galaxies: kinematics and dynamics,
        Local Group, Magellanic Clouds, proper motions, Astrophysics -
        Astrophysics of Galaxies},
         year = 2018,
        month = Nov,
       volume = {867},
          eid = {19},
        pages = {19},
          doi = {10.3847/1538-4357/aadfee},
 primaryClass = {astro-ph.GA},
       adsurl = {https://ui.adsabs.harvard.edu/#abs/2018ApJ...867...19K},
      adsnote = {Provided by the SAO/NASA Astrophysics Data System}
}

@ARTICLE{Zahid18,
       author = {{Zahid}, H. Jabran and {Sohn}, Jubee and {Geller}, Margaret J.},
        title = "{Stellar Velocity Dispersion: Linking Quiescent Galaxies to Their Dark
        Matter Halos}",
      journal = {\apj},
     keywords = {dark matter, galaxies: evolution, galaxies: formation, galaxies:
        kinematics and dynamics, Astrophysics - Astrophysics of Galaxies},
         year = 2018,
        month = Jun,
       volume = {859},
          eid = {96},
        pages = {96},
          doi = {10.3847/1538-4357/aabe31},
 primaryClass = {astro-ph.GA},
       adsurl = {https://ui.adsabs.harvard.edu/#abs/2018ApJ...859...96Z},
      adsnote = {Provided by the SAO/NASA Astrophysics Data System}
}


@ARTICLE{Hernquist90,
       author = {{Hernquist}, L.},
           title = "{An analytical model for spherical galaxies and
               bulges}",
      journal = {\apj},
       keywords = {Computational Astrophysics, Elliptical Galaxies,
           Galactic Bulge, Galactic Structure, Astronomical Models,
           Astronomical Photometry, Brightness Distribution,
           Distribution Functions},
            year = 1990,
                month = jun,
                   volume = 356,
                       pages = {359-364},
                             doi = {10.1086/168845},
                                adsurl =
                                {http://adsabs.harvard.edu/abs/1990ApJ...356..359H},
                                  adsnote = {Provided by the SAO/NASA
                                      Astrophysics Data System}
}




@ARTICLE{Besla07,
   author = {{Besla}, G. and {Kallivayalil}, N. and {Hernquist}, L.
and {Robertson}, B. and
	{Cox}, T.~J. and {van der Marel}, R.~P. and {Alcock}, C.},
    title = "{Are the Magellanic Clouds on Their First Passage about
the Milky Way?}",
  journal = {\apj},
   eprint = {astro-ph/0703196},
 keywords = {Galaxies: Evolution, Galaxies: Interactions, Galaxies:
Kinematics and Dynamics, Galaxy: Structure, Galaxies: Magellanic
Clouds},
     year = 2007,
    month = oct,
   volume = 668,
    pages = {949-967},
      doi = {10.1086/521385},
   adsurl = {http://adsabs.harvard.edu/abs/2007ApJ...668..949B},
  adsnote = {Provided by the SAO/NASA Astrophysics Data System}
}

@ARTICLE{Besla10,
   author = {{Besla}, G. and {Kallivayalil}, N. and {Hernquist}, L.
and {van der Marel}, R.~P. and
	{Cox}, T.~J. and {Kere{\v s}}, D.},
    title = "{Simulations of the Magellanic Stream in a First Infall
Scenario}",
  journal = {\apjl},
archivePrefix = "arXiv",
   eprint = {1008.2210},
 keywords = {galaxies: halos, galaxies: individual: Magellanic Clouds,
galaxies: kinematics and dynamics},
     year = 2010,
    month = oct,
   volume = 721,
    pages = {L97-L101},
      doi = {10.1088/2041-8205/721/2/L97},
   adsurl = {http://adsabs.harvard.edu/abs/2010ApJ...721L..97B},
  adsnote = {Provided by the SAO/NASA Astrophysics Data System}
}

@ARTICLE{Besla12,
       author = {{Besla}, G. and {Kallivayalil}, N. and {Hernquist},
           L. and {van der Marel}, R.~P. and
                {Cox}, T.~J. and {Kere{\v s}}, D.},
           title = "{The role of dwarf galaxy interactions in shaping
               the Magellanic System and implications for Magellanic
               Irregulars}",
  journal = {\mnras},
  archivePrefix = "arXiv",
     eprint = {1201.1299},
      keywords = {galaxies: evolution, galaxies: interactions,
          galaxies: irregular, galaxies: kinematics and dynamics,
          Magellanic Clouds},
           year = 2012,
               month = apr,
                  volume = 421,
                      pages = {2109-2138},
                            doi = {10.1111/j.1365-2966.2012.20466.x},
                               adsurl =
                               {http://adsabs.harvard.edu/abs/2012MNRAS.421.2109B},
                                 adsnote = {Provided by the SAO/NASA
                                     Astrophysics Data System}
}

@ARTICLE{Besla13,
       author = {{Besla}, G. and {Hernquist}, L. and {Loeb}, A.},
           title = "{The origin of the microlensing events observed
               towards the LMC and the stellar counterpart of the
               Magellanic stream}",
      journal = {\mnras},
      archivePrefix = "arXiv",
         eprint = {1205.4724},
          keywords = {gravitational lensing: micro, Magellanic Clouds,
              Galaxy: halo, galaxies: interactions, dark matter,
              galaxies: irregular},
               year = 2013,
                   month = jan,
                      volume = 428,
                          pages = {2342-2365},
                                doi = {10.1093/mnras/sts192},
                                   adsurl =
                                   {http://adsabs.harvard.edu/abs/2013MNRAS.428.2342B},
                                     adsnote = {Provided by the
                                         SAO/NASA Astrophysics Data
                                             System}
}



@ARTICLE{Boylan-Kolchin11,
   author = {{Boylan-Kolchin}, M. and {Besla}, G. and {Hernquist},
L.},
    title = "{Dynamics of the Magellanic Clouds in a Lambda cold dark
matter universe}",
  journal = {\mnras},
archivePrefix = "arXiv",
   eprint = {1010.4797},
 primaryClass = "astro-ph.GA",
 keywords = {Galaxy: formation, Galaxy: fundamental parameters,
galaxies: formation, galaxies: kinematics and dynamics, Magellanic
Clouds},
     year = 2011,
    month = jun,
   volume = 414,
    pages = {1560-1572},
      doi = {10.1111/j.1365-2966.2011.18495.x},
   adsurl = {http://adsabs.harvard.edu/abs/2011MNRAS.414.1560B},
  adsnote = {Provided by the SAO/NASA Astrophysics Data System}
}



% anlytic orbits modelling

@ARTICLE{Chandrasekhar43,
   author = {{Chandrasekhar}, S.},
    title = "{Dynamical Friction. I. General Considerations: the
Coefficient of Dynamical Friction.}",
  journal = {\apj},
     year = 1943,
    month = mar,
   volume = 97,
    pages = {255},
      doi = {10.1086/144517},
   adsurl = {http://adsabs.harvard.edu/abs/1943ApJ....97..255C},
  adsnote = {Provided by the SAO/NASA Astrophysics Data System}
}


%---------------------  Dynamical tracers -----------------------------


@ARTICLE{Boylan-Kolchin13,
   author = {{Boylan-Kolchin}, M. and {Bullock}, J.~S. and {Sohn},
S.~T. and
	{Besla}, G. and {van der Marel}, R.~P.},
    title = "{The Space Motion of Leo I: The Mass of the Milky Way's
Dark Matter Halo}",
  journal = {\apj},
archivePrefix = "arXiv",
   eprint = {1210.6046},
 primaryClass = "astro-ph.CO",
 keywords = {galaxies: individual: Leo I, Galaxy: fundamental
parameters, Galaxy: halo, Galaxy: kinematics and dynamics, methods:
statistical},
     year = 2013,
    month = may,
   volume = 768,
      eid = {140},
    pages = {140},
      doi = {10.1088/0004-637X/768/2/140},
   adsurl = {http://adsabs.harvard.edu/abs/2013ApJ...768..140B},
  adsnote = {Provided by the SAO/NASA Astrophysics Data System}
}



%-------------------------- MW Halo shape


@ARTICLE{Vera-Ciro13,
   author = {{Vera-Ciro}, C. and {Helmi}, A.},
    title = "{Constraints on the Shape of the Milky Way Dark Matter
Halo from the Sagittarius Stream}",
  journal = {\apjl},
archivePrefix = "arXiv",
   eprint = {1304.4646},
 keywords = {galaxies: dwarf, galaxies: interactions, Galaxy: halo,
Local Group },
     year = 2013,
    month = aug,
   volume = 773,
      eid = {L4},
    pages = {L4},
      doi = {10.1088/2041-8205/773/1/L4},
   adsurl = {http://adsabs.harvard.edu/abs/2013ApJ...773L...4V},
  adsnote = {Provided by the SAO/NASA Astrophysics Data System}
}


@ARTICLE{Vera-Ciro11,
   author = {{Vera-Ciro}, C.~A. and {Sales}, L.~V. and {Helmi}, A. and
{Frenk}, C.~S. and
	{Navarro}, J.~F. and {Springel}, V. and {Vogelsberger}, M. and
	{White}, S.~D.~M.},
    title = "{The shape of dark matter haloes in the Aquarius
simulations: evolution and memory}",
  journal = {\mnras},
archivePrefix = "arXiv",
   eprint = {1104.1566},
 keywords = {galaxies: evolution, galaxies: formation, galaxies:
haloes, dark matter},
     year = 2011,
    month = sep,
   volume = 416,
    pages = {1377-1391},
      doi = {10.1111/j.1365-2966.2011.19134.x},
   adsurl = {http://adsabs.harvard.edu/abs/2011MNRAS.416.1377V},
  adsnote = {Provided by the SAO/NASA Astrophysics Data System}
}


% ------------------- Streams


@ARTICLE{Bonaca14,
   author = {{Bonaca}, A. and {Geha}, M. and {K{\"u}pper}, A.~H.~W.
and {Diemand}, J. and
	{Johnston}, K.~V. and {Hogg}, D.~W.},
    title = "{Milky Way Mass and Potential Recovery Using Tidal
Streams in a Realistic Halo}",
  journal = {\apj},
archivePrefix = "arXiv",
   eprint = {1406.6063},
 keywords = {dark matter, Galaxy: halo, Galaxy: structure},
     year = 2014,
    month = nov,
   volume = 795,
      eid = {94},
    pages = {94},
      doi = {10.1088/0004-637X/795/1/94},
   adsurl = {http://adsabs.harvard.edu/abs/2014ApJ...795...94B},
  adsnote = {Provided by the SAO/NASA Astrophysics Data System}
}


@ARTICLE{Belokurov06,
   author = {{Belokurov}, V. and {Zucker}, D.~B. and {Evans}, N.~W.
and {Gilmore}, G. and
	{Vidrih}, S. and {Bramich}, D.~M. and {Newberg}, H.~J. and {Wyse},
R.~F.~G. and
	{Irwin}, M.~J. and {Fellhauer}, M. and {Hewett}, P.~C. and
{Walton}, N.~A. and
	{Wilkinson}, M.~I. and {Cole}, N. and {Yanny}, B. and {Rockosi},
C.~M. and
	{Beers}, T.~C. and {Bell}, E.~F. and {Brinkmann}, J. and
{Ivezi{\'c}}, {\v Z}. and
	{Lupton}, R.},
    title = "{The Field of Streams: Sagittarius and Its Siblings}",
  journal = {\apjl},
   eprint = {astro-ph/0605025},
 keywords = {Galaxies: Individual: Name: Sagittarius dSph, Galaxies:
Kinematics and Dynamics, Galaxies: Structure, Galaxy: Halo, Galaxies:
Local Group},
     year = 2006,
    month = may,
   volume = 642,
    pages = {L137-L140},
      doi = {10.1086/504797},
   adsurl = {http://adsabs.harvard.edu/abs/2006ApJ...642L.137B},
  adsnote = {Provided by the SAO/NASA Astrophysics Data System}
}


% Sagittarius stream

@ARTICLE{Belokurov14,
   author = {{Belokurov}, V. and {Koposov}, S.~E. and {Evans}, N.~W.
and
	{Pe{\~n}arrubia}, J. and {Irwin}, M.~J. and {Smith}, M.~C. and
	{Lewis}, G.~F. and {Gieles}, M. and {Wilkinson}, M.~I. and
{Gilmore}, G. and
	{Olszewski}, E.~W. and {Niederste-Ostholt}, M.},
    title = "{Precession of the Sagittarius stream}",
  journal = {\mnras},
archivePrefix = "arXiv",
   eprint = {1301.7069},
 primaryClass = "astro-ph.GA",
 keywords = {blue stragglers, stars: carbon, stars: horizontal branch,
Galaxy: fundamental parameters, Galaxy: halo, Galaxy: kinematics and
dynamics},
     year = 2014,
    month = jan,
   volume = 437,
    pages = {116-131},
      doi = {10.1093/mnras/stt1862},
   adsurl = {http://adsabs.harvard.edu/abs/2014MNRAS.437..116B},
  adsnote = {Provided by the SAO/NASA Astrophysics Data System}
}


% ------ Intro

@ARTICLE{Bailin05,
   author = {{Bailin}, J. and {Kawata}, D. and {Gibson}, B.~K. and
{Steinmetz}, M. and
	{Navarro}, J.~F. and {Brook}, C.~B. and {Gill}, S.~P.~D. and
	{Ibata}, R.~A. and {Knebe}, A. and {Lewis}, G.~F. and {Okamoto},
T.
	},
    title = "{Internal Alignment of the Halos of Disk Galaxies in
Cosmological Hydrodynamic Simulations}",
  journal = {\apjl},
   eprint = {astro-ph/0505523},
 keywords = {Cosmology: Dark Matter, Galaxies: Evolution, Galaxies:
Formation, Galaxies: Halos, Galaxies: Spiral},
     year = 2005,
    month = jul,
   volume = 627,
    pages = {L17-L20},
      doi = {10.1086/432157},
   adsurl = {http://adsabs.harvard.edu/abs/2005ApJ...627L..17B},
  adsnote = {Provided by the SAO/NASA Astrophysics Data System}
}

@ARTICLE{Vdm12,
   author = {{van der Marel}, R.~P. and {Fardal}, M. and {Besla}, G.
and
	{Beaton}, R.~L. and {Sohn}, S.~T. and {Anderson}, J. and {Brown},
T. and
	{Guhathakurta}, P.},
    title = "{The M31 Velocity Vector. II. Radial Orbit toward the
Milky Way and Implied Local Group Mass}",
  journal = {\apj},
archivePrefix = "arXiv",
   eprint = {1205.6864},
 primaryClass = "astro-ph.GA",
 keywords = {galaxies: individual: M31, galaxies: kinematics and
dynamics, Local Group, proper motions},
     year = 2012,
    month = jul,
   volume = 753,
      eid = {8},
    pages = {8},
      doi = {10.1088/0004-637X/753/1/8},
   adsurl = {http://adsabs.harvard.edu/abs/2012ApJ...753....8V},
  adsnote = {Provided by the SAO/NASA Astrophysics Data System}
}

@ARTICLE{Vdm14,
   author = {{van der Marel}, R.~P. and {Kallivayalil}, N.},
    title = "{Third-epoch Magellanic Cloud Proper Motions. II. The
Large Magellanic Cloud Rotation Field in Three Dimensions}",
  journal = {\apj},
archivePrefix = "arXiv",
   eprint = {1305.4641},
 keywords = {galaxies: individual: Large Magellanic Cloud, galaxies:
kinematics and dynamics, Magellanic Clouds, proper motions},
     year = 2014,
    month = feb,
   volume = 781,
      eid = {121},
    pages = {121},
      doi = {10.1088/0004-637X/781/2/121},
   adsurl = {http://adsabs.harvard.edu/abs/2014ApJ...781..121V},
  adsnote = {Provided by the SAO/NASA Astrophysics Data System}
}


@ARTICLE{Mackey16,
   author = {{Mackey}, A.~D. and {Koposov}, S.~E. and {Erkal}, D. and
{Belokurov}, V. and
	{Da Costa}, G.~S. and {G{\'o}mez}, F.~A.},
    title = "{A 10 kpc stellar substructure at the edge of the Large
Magellanic Cloud: perturbed outer disc or evidence for tidal
stripping?}",
  journal = {\mnras},
archivePrefix = "arXiv",
   eprint = {1508.01356},
 keywords = {galaxies: dwarf, Local Group, Magellanic Clouds,
galaxies: structure},
     year = 2016,
    month = jun,
   volume = 459,
    pages = {239-255},
      doi = {10.1093/mnras/stw497},
   adsurl = {http://adsabs.harvard.edu/abs/2016MNRAS.459..239M},
  adsnote = {Provided by the SAO/NASA Astrophysics Data System}
}

@ARTICLE{Saha10,
   author = {{Saha}, A. and {Olszewski}, E.~W. and {Brondel}, B. and
{Olsen}, K. and
	{Knezek}, P. and {Harris}, J. and {Smith}, C. and {Subramaniam},
A. and
	{Claver}, J. and {Rest}, A. and {Seitzer}, P. and {Cook}, K.~H.
and
	{Minniti}, D. and {Suntzeff}, N.~B.},
    title = "{First Results from the NOAO Survey of the Outer Limits
of the Magellanic Clouds}",
  journal = {\aj},
archivePrefix = "arXiv",
   eprint = {1008.3727},
 keywords = {galaxies: evolution, galaxies: halos, galaxies:
structure, Magellanic Clouds, techniques: photometric},
     year = 2010,
    month = dec,
   volume = 140,
    pages = {1719-1738},
      doi = {10.1088/0004-6256/140/6/1719},
   adsurl = {http://adsabs.harvard.edu/abs/2010AJ....140.1719S},
  adsnote = {Provided by the SAO/NASA Astrophysics Data System}
}

@ARTICLE{Besla15,
   author = {{Besla}, G.},
    title = "{The Orbits and Total Mass of the Magellanic Clouds}",
  journal = {ArXiv e-prints},
archivePrefix = "arXiv",
   eprint = {1511.03346},
 keywords = {Astrophysics - Astrophysics of Galaxies},
     year = 2015,
    month = nov,
   adsurl = {http://adsabs.harvard.edu/abs/2015arXiv151103346B},
  adsnote = {Provided by the SAO/NASA Astrophysics Data System}
}

@ARTICLE{Abadi06,
   author = {{Abadi}, M.~G. and {Navarro}, J.~F. and {Steinmetz}, M.},
    title = "{Stars beyond galaxies: the origin of extended luminous
haloes around galaxies}",
  journal = {\mnras},
   eprint = {astro-ph/0506659},
 keywords = {Galaxy: disc, Galaxy: formation, Galaxy: kinematics and
dynamics, Galaxy: structure},
     year = 2006,
    month = jan,
   volume = 365,
    pages = {747-758},
      doi = {10.1111/j.1365-2966.2005.09789.x},
   adsurl = {http://adsabs.harvard.edu/abs/2006MNRAS.365..747A},
  adsnote = {Provided by the SAO/NASA Astrophysics Data System}
}

@ARTICLE{Sales07,
   author = {{Sales}, L.~V. and {Navarro}, J.~F. and {Abadi}, M.~G.
and {Steinmetz}, M.
	},
    title = "{Satellites of simulated galaxies: survival, merging and
their relationto the dark and stellar haloes}",
  journal = {\mnras},
archivePrefix = "arXiv",
   eprint = {0704.1770},
 keywords = {galaxies: evolution, galaxies: formation, galaxies:
haloes},
     year = 2007,
    month = aug,
   volume = 379,
    pages = {1464-1474},
      doi = {10.1111/j.1365-2966.2007.12024.x},
   adsurl = {http://adsabs.harvard.edu/abs/2007MNRAS.379.1464S},
  adsnote = {Provided by the SAO/NASA Astrophysics Data System}
}


@ARTICLE{Cunningham16,
   author = {{Cunningham}, E.~C. and {Deason}, A.~J. and
{Guhathakurta}, P. and
	{Rockosi}, C.~M. and {van der Marel}, R.~P. and {Toloba}, E. and
	{Gilbert}, K.~M. and {Sohn}, S.~T. and {Dorman}, C.~E.},
    title = "{Isotropic at the Break? 3D Kinematics of Milky Way Halo
Stars in the Foreground of M31}",
  journal = {\apj},
archivePrefix = "arXiv",
   eprint = {1602.03180},
 keywords = {Galaxy: halo, Galaxy: kinematics and dynamics},
     year = 2016,
    month = mar,
   volume = 820,
      eid = {18},
    pages = {18},
      doi = {10.3847/0004-637X/820/1/18},
   adsurl = {http://adsabs.harvard.edu/abs/2016ApJ...820...18C},
  adsnote = {Provided by the SAO/NASA Astrophysics Data System}
}


@ARTICLE{Cunningham18b,
       author = {{Cunningham}, Emily C. and {Deason}, Alis J. and {Sanderson}, Robyn E.
        and {Sohn}, Sangmo Tony and {Anderson}, Jay and {Guhathakurta},
        Puragra and {Rockosi}, Constance M. and {van der Marel}, Roeland
        P. and {Loebman}, Sarah R. and {Wetzel}, Andrew},
        title = "{HALO7D II: The Halo Velocity Ellipsoid and Velocity Anisotropy with
        Distant Main Sequence Stars}",
      journal = {arXiv e-prints},
     keywords = {Astrophysics - Astrophysics of Galaxies},
         year = 2018,
        month = Oct,
          eid = {arXiv:1810.12201},
        pages = {arXiv:1810.12201},
archivePrefix = {arXiv},
       eprint = {1810.12201},
 primaryClass = {astro-ph.GA},
       adsurl = {https://ui.adsabs.harvard.edu/\#abs/2018arXiv181012201C},
      adsnote = {Provided by the SAO/NASA Astrophysics Data System}
}

@ARTICLE{Gomez16,
       author = {{G{\'o}mez}, Facundo A. and {White}, Simon D.~M. and {Marinacci},
        Federico and {Slater}, Colin T. and {Grand}, Robert J.~J. and
        {Springel}, Volker and {Pakmor}, R{\"u}diger},
        title = "{A fully cosmological model of a Monoceros-like ring}",
      journal = {\mnras},
     keywords = {Galaxy: disc, Galaxy: evolution, Galaxy: halo, galaxies: interactions,
        galaxies: kinematics and dynamics, methods: numerical,
        Astrophysics - Astrophysics of Galaxies},
         year = 2016,
        month = Mar,
       volume = {456},
        pages = {2779-2793},
          doi = {10.1093/mnras/stv2786},
archivePrefix = {arXiv},
       eprint = {1509.08459},
 primaryClass = {astro-ph.GA},
       adsurl = {https://ui.adsabs.harvard.edu/\#abs/2016MNRAS.456.2779G},
      adsnote = {Provided by the SAO/NASA Astrophysics Data System}
}

@ARTICLE{Gomez10a,
       author = {{G{\'o}mez}, Facundo A. and {Helmi}, Amina and {Brown}, Anthony G.~A.
        and {Li}, Yang-Shyang},
        title = "{On the identification of merger debris in the Gaia era}",
      journal = {\mnras},
     keywords = {methods: analytical, solar neighbourhood, galaxies: formation, galaxies:
        kinematics and dynamics, Astrophysics - Astrophysics of Galaxies},
         year = 2010,
        month = Oct,
       volume = {408},
        pages = {935-946},
          doi = {10.1111/j.1365-2966.2010.17225.x},
archivePrefix = {arXiv},
       eprint = {1004.4974},
 primaryClass = {astro-ph.GA},
       adsurl = {https://ui.adsabs.harvard.edu/\#abs/2010MNRAS.408..935G},
      adsnote = {Provided by the SAO/NASA Astrophysics Data System}
}

@ARTICLE{Belokurov18a,
       author = {{Belokurov}, V. and {Erkal}, D. and {Evans}, N.~W. and {Koposov}, S.~E.
        and {Deason}, A.~J.},
        title = "{Co-formation of the disc and the stellar halo}",
      journal = {\mnras},
     keywords = {galaxies: dwarf, Local Group, galaxies: structure, Astrophysics - Astrophysics of Galaxies},
         year = 2018,
        month = Jul,
       volume = {478},
        pages = {611-619},
          doi = {10.1093/mnras/sty982},
archivePrefix = {arXiv},
       eprint = {1802.03414},
 primaryClass = {astro-ph.GA},
       adsurl = {https://ui.adsabs.harvard.edu/\#abs/2018MNRAS.478..611B},
      adsnote = {Provided by the SAO/NASA Astrophysics Data System}
}


@ARTICLE{Navarro11,
       author = {{Navarro}, Julio F. and {Abadi}, Mario G. and {Venn}, Kim A. and
        {Freeman}, K.~C. and {Anguiano}, Borja},
        title = "{Through thick and thin: kinematic and chemical components in the solar neighbourhood}",
      journal = {\mnras},
     keywords = {Galaxy: abundances, Galaxy: evolution, Galaxy: formation, Galaxy: kinematics and dynamics, galaxies: formation, galaxies: structure, Astrophysics - Astrophysics of Galaxies},
         year = 2011,
        month = Apr,
       volume = {412},
        pages = {1203-1209},
          doi = {10.1111/j.1365-2966.2010.17975.x},
archivePrefix = {arXiv},
       eprint = {1009.0020},
 primaryClass = {astro-ph.GA},
       adsurl = {https://ui.adsabs.harvard.edu/\#abs/2011MNRAS.412.1203N},
      adsnote = {Provided by the SAO/NASA Astrophysics Data System}
}


@ARTICLE{Meza05,
       author = {{Meza}, Andr{\'e}s and {Navarro}, Julio F. and {Abadi}, Mario G. and
        {Steinmetz}, Matthias},
        title = "{Accretion relics in the solar neighbourhood: debris from {\ensuremath{\omega}}Cen's parent galaxy}",
      journal = {\mnras},
     keywords = {Galaxy: disc, Galaxy: formation, Galaxy: kinematics and dynamics, Galaxy: structure, Astrophysics},
         year = 2005,
        month = May,
       volume = {359},
        pages = {93-103},
          doi = {10.1111/j.1365-2966.2005.08869.x},
archivePrefix = {arXiv},
       eprint = {astro-ph/0408567},
 primaryClass = {astro-ph},
       adsurl = {https://ui.adsabs.harvard.edu/\#abs/2005MNRAS.359...93M},
      adsnote = {Provided by the SAO/NASA Astrophysics Data System}
}



@ARTICLE{Myeong18,
       author = {{Myeong}, G.~C. and {Evans}, N.~W. and {Belokurov}, V. and {Sanders},
        J.~L. and {Koposov}, S.~E.},
        title = "{The Sausage Globular Clusters}",
      journal = {\apj},
     keywords = {galaxies: kinematics and dynamics, galaxies: structure, Astrophysics - Astrophysics of Galaxies, Astrophysics - Cosmology and Nongalactic Astrophysics},
         year = 2018,
        month = Aug,
       volume = {863},
          eid = {L28},
        pages = {L28},
          doi = {10.3847/2041-8213/aad7f7},
archivePrefix = {arXiv},
       eprint = {1805.00453},
 primaryClass = {astro-ph.GA},
       adsurl = {https://ui.adsabs.harvard.edu/\#abs/2018ApJ...863L..28M},
      adsnote = {Provided by the SAO/NASA Astrophysics Data System}
}



@ARTICLE{Mackereth19,
   author = {{Mackereth}, J.~T. and {Schiavon}, R.~P. and {Pfeffer}, J. and 
	{Hayes}, C.~R. and {Bovy}, J. and {Anguiano}, B. and {Allende Prieto}, C. and 
	{Hasselquist}, S. and {Holtzman}, J. and {Johnson}, J.~A. and 
	{Majewski}, S.~R. and {O'Connell}, R. and {Shetrone}, M. and 
	{Tissera}, P.~B. and {Fern{\'a}ndez-Trincado}, J.~G.},
    title = "{The origin of accreted stellar halo populations in the Milky Way using APOGEE, Gaia, and the EAGLE simulations}",
  journal = {\mnras},
archivePrefix = "arXiv",
   eprint = {1808.00968},
 keywords = {Galaxy: abundances, Galaxy: formation, Galaxy: halo, Galaxy: kinematics and dynamics, Galaxy: stellar content},
     year = 2019,
    month = jan,
   volume = 482,
    pages = {3426-3442},
      doi = {10.1093/mnras/sty2955},
   adsurl = {http://adsabs.harvard.edu/abs/2019MNRAS.482.3426M},
  adsnote = {Provided by the SAO/NASA Astrophysics Data System}
}

@ARTICLE{JG17,
   author = {{Fern{\'a}ndez-Trincado}, J.~G. and {Zamora}, O. and {Garc{\'{\i}}a-Hern{\'a}ndez}, D.~A. and 
	{Souto}, D. and {Dell'Agli}, F. and {Schiavon}, R.~P. and {Geisler}, D. and 
	{Tang}, B. and {Villanova}, S. and {Hasselquist}, S. and {Mennickent}, R.~E. and 
	{Cunha}, K. and {Shetrone}, M. and {Allende Prieto}, C. and 
	{Vieira}, K. and {Zasowski}, G. and {Sobeck}, J. and {Hayes}, C.~R. and 
	{Majewski}, S.~R. and {Placco}, V.~M. and {Beers}, T.~C. and 
	{Schleicher}, D.~R.~G. and {Robin}, A.~C. and {M{\'e}sz{\'a}ros}, S. and 
	{Masseron}, T. and {Garc{\'{\i}}a P{\'e}rez}, A.~E. and {Anders}, F. and 
	{Meza}, A. and {Alves-Brito}, A. and {Carrera}, R. and {Minniti}, D. and 
	{Lane}, R.~R. and {Fern{\'a}ndez-Alvar}, E. and {Moreno}, E. and 
	{Pichardo}, B. and {P{\'e}rez-Villegas}, A. and {Schultheis}, M. and 
	{Roman-Lopes}, A. and {Fuentes}, C.~E. and {Nitschelm}, C. and 
	{Harding}, P. and {Bizyaev}, D. and {Pan}, K. and {Oravetz}, D. and 
	{Simmons}, A. and {Ivans}, I.~I. and {Blanco-Cuaresma}, S. and 
	{Hern{\'a}ndez}, J. and {Alonso-Garc{\'{\i}}a}, J. and {Valenzuela}, O. and 
	{Chanam{\'e}}, J.},
    title = "{Atypical Mg-poor Milky Way Field Stars with Globular Cluster Second-generation-like Chemical Patterns}",
  journal = {\apjl},
archivePrefix = "arXiv",
   eprint = {1707.03108},
 keywords = {Galaxy: structure, globular clusters: general, stars: abundances, stars: Population II},
     year = 2017,
    month = sep,
   volume = 846,
      eid = {L2},
    pages = {L2},
      doi = {10.3847/2041-8213/aa8032},
   adsurl = {http://adsabs.harvard.edu/abs/2017ApJ...846L...2F},
  adsnote = {Provided by the SAO/NASA Astrophysics Data System}
}


@ARTICLE{Widrow12,
       author = {{Widrow}, Lawrence M. and {Gardner}, Susan and {Yanny}, Brian and
        {Dodelson}, Scott and {Chen}, Hsin-Yu},
        title = "{Galactoseismology: Discovery of Vertical Waves in the Galactic Disk}",
      journal = {\apj},
     keywords = {Galaxy: kinematics and dynamics, solar neighborhood, Astrophysics - Astrophysics of Galaxies},
         year = 2012,
        month = May,
       volume = {750},
          eid = {L41},
        pages = {L41},
          doi = {10.1088/2041-8205/750/2/L41},
archivePrefix = {arXiv},
       eprint = {1203.6861},
 primaryClass = {astro-ph.GA},
       adsurl = {https://ui.adsabs.harvard.edu/\#abs/2012ApJ...750L..41W},
      adsnote = {Provided by the SAO/NASA Astrophysics Data System}
}

@ARTICLE{Erkal18a,
       author = {{Erkal}, D. and {Li}, T.~S. and {Koposov}, S.~E. and {Belokurov}, V. and
        {Balbinot}, E. and {Bechtol}, K. and {Buncher}, B. and {Drlica-
        Wagner}, A. and {Kuehn}, K. and {Marshall}, J.~L. and
        {Mart{\'\i}nez-V{\'a}zquez}, C.~E. and {Pace}, A.~B. and
        {Shipp}, N. and {Simon}, J.~D. and {Stringer}, K.~M. and
        {Vivas}, A.~K. and {Wechsler}, R.~H. and {Yanny}, B. and
        {Abdalla}, F.~B. and {Allam}, S. and {Annis}, J. and {Avila}, S.
        and {Bertin}, E. and {Brooks}, D. and {Buckley-Geer}, E. and
        {Burke}, D.~L. and {Carnero Rosell}, A. and {Carrasco Kind}, M.
        and {Carretero}, J. and {D'Andrea}, C.~B. and {da Costa}, L.~N.
        and {Davis}, C. and {De Vicente}, J. and {Doel}, P. and
        {Eifler}, T.~F. and {Evrard}, A.~E. and {Flaugher}, B. and
        {Frieman}, J. and {Garc{\'\i}a-Bellido}, J. and {Gaztanaga}, E.
        and {Gerdes}, D.~W. and {Gruen}, D. and {Gruendl}, R.~A. and
        {Gschwend}, J. and {Gutierrez}, G. and {Hartley}, W.~G. and
        {Hollowood}, D.~L. and {Honscheid}, K. and {James}, D.~J. and
        {Krause}, E. and {Maia}, M.~A.~G. and {March}, M. and
        {Menanteau}, F. and {Miquel}, R. and {Ogando}, R.~L.~C. and
        {Plazas}, A.~A. and {Sanchez}, E. and {Santiago}, B. and
        {Scarpine}, V. and {Schindler}, R. and {Sevilla-Noarbe}, I. and
        {Smith}, M. and {Smith}, R.~C. and {Soares-Santos}, M. and
        {Sobreira}, F. and {Suchyta}, E. and {Swanson}, M.~E.~C. and
        {Tarle}, G. and {Tucker}, D.~L. and {Walker}, A.~R.},
        title = "{Modelling the Tucana III stream - a close passage with the LMC}",
      journal = {\mnras},
     keywords = {Galaxy: evolution, Galaxy: kinematics and dynamics, galaxies: dwarf, Astrophysics - Astrophysics of Galaxies},
         year = 2018,
        month = Dec,
       volume = {481},
        pages = {3148-3159},
          doi = {10.1093/mnras/sty2518},
archivePrefix = {arXiv},
       eprint = {1804.07762},
 primaryClass = {astro-ph.GA},
       adsurl = {https://ui.adsabs.harvard.edu/\#abs/2018MNRAS.481.3148E},
      adsnote = {Provided by the SAO/NASA Astrophysics Data System}
}



@ARTICLE{Helmi18,
       author = {{Helmi}, Amina and {Babusiaux}, Carine and {Koppelman}, Helmer H. and
        {Massari}, Davide and {Veljanoski}, Jovan and {Brown}, Anthony
        G.~A.},
        title = "{The merger that led to the formation of the Milky Way's inner stellar halo and thick disk}",
      journal = {\nat},
     keywords = {Astrophysics - Astrophysics of Galaxies},
         year = 2018,
        month = Nov,
       volume = {563},
        pages = {85-88},
          doi = {10.1038/s41586-018-0625-x},
archivePrefix = {arXiv},
       eprint = {1806.06038},
 primaryClass = {astro-ph.GA},
       adsurl = {https://ui.adsabs.harvard.edu/\#abs/2018Natur.563...85H},
      adsnote = {Provided by the SAO/NASA Astrophysics Data System}
}





@ARTICLE{Erkal18b,
       author = {{Erkal}, D. and {Belokurov}, V. and {Laporte}, C.~F.~P. and {Koposov},
        S.~E. and {Li}, T.~S. and {Grillmair}, C.~J. and {Kallivayalil},
        N. and {Price-Whelan}, A.~M. and {Evans}, N.~W. and {Hawkins},
        K. and {Hendel}, D. and {Mateu}, C. and {Navarro}, J.~F. and
        {del Pino}, A. and {Slater}, C.~T. and {Sohn}, S.~T.},
        title = "{The total mass of the Large Magellanic Cloud from its perturbation on the Orphan stream}",
      journal = {arXiv e-prints},
     keywords = {Astrophysics - Astrophysics of Galaxies},
         year = 2018,
        month = Dec,
          eid = {arXiv:1812.08192},
        pages = {arXiv:1812.08192},
archivePrefix = {arXiv},
       eprint = {1812.08192},
 primaryClass = {astro-ph.GA},
       adsurl = {https://ui.adsabs.harvard.edu/\#abs/2018arXiv181208192E},
      adsnote = {Provided by the SAO/NASA Astrophysics Data System}
}




@ARTICLE{Wang18,
       author = {{Wang}, Wenting and {Han}, Jiaxin and {Cole}, Shaun and {More}, Surhud
        and {Frenk}, Carlos and {Schaller}, Matthieu},
        title = "{What to expect from dynamical modelling of galactic haloes - II. The
        spherical Jeans equation}",
      journal = {\mnras},
     keywords = {Galaxy: halo, Galaxy: kinematics and dynamics, dark matter, Astrophysics
        - Astrophysics of Galaxies},
         year = 2018,
        month = Jun,
       volume = {476},
        pages = {5669-5680},
          doi = {10.1093/mnras/sty706},
archivePrefix = {arXiv},
       eprint = {1801.07373},
 primaryClass = {astro-ph.GA},
       adsurl = {https://ui.adsabs.harvard.edu/\#abs/2018MNRAS.476.5669W},
      adsnote = {Provided by the SAO/NASA Astrophysics Data System}
}




@ARTICLE{Wetzel16,
       author = {{Wetzel}, Andrew R. and {Hopkins}, Philip F. and {Kim}, Ji-hoon and
        {Faucher-Gigu{\`e}re}, Claude-Andr{\'e} and {Kere{\v{s}}},
        Du{\v{s}}an and {Quataert}, Eliot},
        title = "{Reconciling Dwarf Galaxies with {\ensuremath{\Lambda}}CDM Cosmology:
        Simulating a Realistic Population of Satellites around a Milky
        Way-mass Galaxy}",
      journal = {\apj},
     keywords = {cosmology: theory, galaxies: dwarf, galaxies: formation, galaxies: star
        formation, Local Group, methods: numerical, Astrophysics -
        Astrophysics of Galaxies},
         year = 2016,
        month = Aug,
       volume = {827},
          eid = {L23},
        pages = {L23},
          doi = {10.3847/2041-8205/827/2/L23},
archivePrefix = {arXiv},
       eprint = {1602.05957},
 primaryClass = {astro-ph.GA},
       adsurl = {https://ui.adsabs.harvard.edu/\#abs/2016ApJ...827L..23W},
      adsnote = {Provided by the SAO/NASA Astrophysics Data System}
}



@ARTICLE{Buschmann18,
       author = {{Buschmann}, Malte and {Kopp}, Joachim and {Safdi}, Benjamin R. and
        {Wu}, Chih-Liang},
        title = "{Stellar Wakes from Dark Matter Subhalos}",
      journal = {\prl},
     keywords = {Astrophysics - Astrophysics of Galaxies, High Energy Physics - Phenomenology},
         year = 2018,
        month = May,
       volume = {120},
          eid = {211101},
        pages = {211101},
          doi = {10.1103/PhysRevLett.120.211101},
archivePrefix = {arXiv},
       eprint = {1711.03554},
 primaryClass = {astro-ph.GA},
       adsurl = {https://ui.adsabs.harvard.edu/\#abs/2018PhRvL.120u1101B},
      adsnote = {Provided by the SAO/NASA Astrophysics Data System}
}



@ARTICLE{Loebman17,
   author = {{Loebman}, S.~R. and {Valluri}, M. and {Hattori}, K. and
{Debattista}, V.~P. and
	{Bell}, E.~F. and {Stinson}, G. and {Christensen}, C.~R. and
	{Brooks}, A. and {Quinn}, T.~R. and {Governato}, F.},
    title = "{Beta Dips in the Gaia Era: Simulation Predictions of the
Galactic Velocity Anisotropy Parameter for Stellar Halos}",
  journal = {ArXiv e-prints},
archivePrefix = "arXiv",
   eprint = {1704.06264},
 keywords = {Astrophysics - Astrophysics of Galaxies, Astrophysics -
Cosmology and Nongalactic Astrophysics, Astrophysics - Solar and
Stellar Astrophysics},
     year = 2017,
    month = apr,
   adsurl = {http://adsabs.harvard.edu/abs/2017arXiv170406264L},
  adsnote = {Provided by the SAO/NASA Astrophysics Data System}
}

@ARTICLE{Patel17a,
       author = {{Patel}, Ekta and {Besla}, Gurtina and {Sohn}, Sangmo Tony},
        title = "{Orbits of massive satellite galaxies - I. A close look at the Large Magellanic Cloud and a new orbital history for M33}",
      journal = {\mnras},
     keywords = {Galaxy: fundamental parameters, galaxies: evolution, galaxies: kinematics and dynamics, Local Group, Astrophysics - Astrophysics of Galaxies},
         year = 2017,
        month = Feb,
       volume = {464},
        pages = {3825-3849},
          doi = {10.1093/mnras/stw2616},
archivePrefix = {arXiv},
       eprint = {1609.04823},
 primaryClass = {astro-ph.GA},
       adsurl = {https://ui.adsabs.harvard.edu/\#abs/2017MNRAS.464.3825P},
      adsnote = {Provided by the SAO/NASA Astrophysics Data System}
}


@ARTICLE{Cautun19,
       author = {{Cautun}, Marius and {Deason}, Alis J. and {Frenk}, Carlos S. and
        {McAlpine}, Stuart},
        title = "{The aftermath of the Great Collision between our Galaxy and the Large Magellanic Cloud}",
      journal = {\mnras},
     keywords = {Galaxy: halo, galaxies: dwarfs, galaxies: haloes, galaxies: kinematics and dynamics, Magellanic Clouds, Astrophysics - Astrophysics of Galaxies},
         year = 2019,
        month = Feb,
       volume = {483},
        pages = {2185-2196},
          doi = {10.1093/mnras/sty3084},
archivePrefix = {arXiv},
       eprint = {1809.09116},
 primaryClass = {astro-ph.GA},
       adsurl = {https://ui.adsabs.harvard.edu/\#abs/2019MNRAS.483.2185C},
      adsnote = {Provided by the SAO/NASA Astrophysics Data System}
}

@ARTICLE{Patel17,
   author = {{Patel}, E. and {Besla}, G. and {Mandel}, K.},
    title = "{Orbits of massive satellite galaxies {\ndash} II.
Bayesian estimates of the Milky Way and Andromeda masses using
high-precision astrometry and cosmological simulations}",
  journal = {\mnras},
archivePrefix = "arXiv",
   eprint = {1703.05767},
     year = 2017,
    month = jul,
   volume = 468,
    pages = {3428-3449},
      doi = {10.1093/mnras/stx698},
   adsurl = {http://adsabs.harvard.edu/abs/2017MNRAS.468.3428P},
  adsnote = {Provided by the SAO/NASA Astrophysics Data System}
}


@ARTICLE{Rashkov13,
   author = {{Rashkov}, V. and {Pillepich}, A. and {Deason}, A.~J. and
{Madau}, P. and
	{Rockosi}, C.~M. and {Guedes}, J. and {Mayer}, L.},
    title = "{A ``Light,'' Centrally Concentrated Milky Way Halo?}",
  journal = {\apjl},
archivePrefix = "arXiv",
   eprint = {1307.1865},
 keywords = {dark matter, Galaxy: formation, Galaxy: halo, Galaxy:
kinematics and dynamics, methods: numerical},
     year = 2013,
    month = aug,
   volume = 773,
      eid = {L32},
    pages = {L32},
      doi = {10.1088/2041-8205/773/2/L32},
   adsurl = {http://adsabs.harvard.edu/abs/2013ApJ...773L..32R},
  adsnote = {Provided by the SAO/NASA Astrophysics Data System}
}

@ARTICLE{wang15,
       author = {{Wang}, W. and {Han}, J. and {Cooper}, A.~P. and
                {Cole}, S. and {Frenk}, C. and {Lowing}, B.},
       title = "{Estimating the dark matter halo mass of our Milky
                 Way using dynamical tracers}",
       journal = {\mnras},
       archivePrefix = "arXiv",
       eprint = {1502.03477},
       keywords = {Galaxy: halo, Galaxy: kinematics and dynamics,
                   dark matter},
       year = 2015,
       month = oct,
       volume = 453,
       pages = {377-400},
       doi = {10.1093/mnras/stv1647},
       adsurl =  {http://adsabs.harvard.edu/abs/2015MNRAS.453..377W},
       adsnote = {Provided by the SAO/NASA Astrophysics Data System}
}



@ARTICLE{Wang17,
       author = {{Wang}, W. and {Han}, J. and {Cole}, S. and {Frenk},
                  C. and {Sawala}, T.},
       title = "{What to expect from dynamical modelling of
                 galactic haloes}",
       journal = {\mnras},
       archivePrefix = "arXiv",
       eprint = {1605.09386},
       year = 2017,
       month = sep,
       volume = 470,
       pages = {2351-2366},
       doi = {10.1093/mnras/stx1334},
       adsurl = {http://adsabs.harvard.edu/abs/2017MNRAS.470.2351W},
       adsnote = {Provided by the SAO/NASA Astrophysics Data System}
}



@ARTICLE{Han16,
       author = {{Han}, J. and {Wang}, W. and {Cole}, S. and {Frenk},
           C.~S.},
           title = "{The orbital PDF: the dynamical state of Milky Way
               sized haloes and the intrinsic uncertainty in the
               determination of their masses}",
       journal = {\mnras},
       archivePrefix = "arXiv",
       eprint = {1507.00771},
       keywords = {methods: data analysis, Galaxy: fundamental
                   parameters, galaxies: haloes, galaxies: kinematics and
                   dynamics, dark matter},
       year = 2016,
       month = feb,
       volume = 456,
       pages = {1017-1029},
       doi = {10.1093/mnras/stv2522},
       adsurl = {http://adsabs.harvard.edu/abs/2016MNRAS.456.1017H},
       adsnote = {Provided by the SAO/NASA Astrophysics Data System}
}


@ARTICLE{Hattori17,
       author = {{Hattori}, K. and {Valluri}, M. and {Loebman}, S.~R.  and {Bell}, E.~F.},
       title = "{Reliability of the Measured Velocity Anisotropy of the Milky Way Stellar Halo}",
      journal = {\apj},
      archivePrefix = "arXiv",
      eprint = {1704.06286},
      keywords = {Galaxy: formation, Galaxy: halo, Galaxy:
                  kinematics and dynamics, Galaxy: structure },
       year = 2017,
       month = jun,
       volume = 841,
       eid = {91},
       pages = {91},
       doi = {10.3847/1538-4357/aa71aa},
       adsurl = {http://adsabs.harvard.edu/abs/2017ApJ...841...91H},
       adsnote = {Provided by the SAO/NASA Astrophysics Data System}
}


@ARTICLE{Bhattacharjee14,
       author = {{Bhattacharjee}, P. and {Chaudhury}, S. and {Kundu}, S.},
       title = "{Rotation Curve of the Milky Way out to \~{}200
               kpc}",
       journal = {\apj},
       archivePrefix = "arXiv",
       eprint = {1310.2659},
       keywords = {dark matter, Galaxy: general, Galaxy: kinematics and dynamics},
       year = 2014,
       month = apr,
       volume = 785,
       eid = {63},
       pages = {63},
       doi = {10.1088/0004-637X/785/1/63},
       adsurl = {http://adsabs.harvard.edu/abs/2014ApJ...785...63B},
       adsnote = {Provided by the SAO/NASA Astrophysics Data System}
}

@ARTICLE{Fox14,
       author = {{Fox}, A.~J. and {Wakker}, B.~P. and {Barger}, K.~A.
           and {Hernandez}, A.~K. and
                {Richter}, P. and {Lehner}, N. and {Bland-Hawthorn},
           J. and
                {Charlton}, J.~C. and {Westmeier}, T. and {Thom}, C.
           and {Tumlinson}, J. and
                {Misawa}, T. and {Howk}, J.~C. and {Haffner}, L.~M.
           and {Ely}, J. and
                {Rodriguez-Hidalgo}, P. and {Kumari}, N.},
           title = "{The COS/UVES Absorption Survey of the Magellanic
               Stream. III. Ionization, Total Mass, and Inflow Rate
               onto the Milky Way}",
       journal = {\apj},
       archivePrefix = "arXiv",
       eprint = {1404.5514},
       keywords = {Galaxy: evolution, Galaxy: halo, ISM: abundances,
                   Magellanic Clouds, quasars: absorption lines},
       year = 2014,
       month = jun,
       volume = 787,
       eid = {147},
       pages = {147},
       doi = {10.1088/0004-637X/787/2/147},
       adsurl = {http://adsabs.harvard.edu/abs/2014ApJ...787..147F},
       adsnote = {Provided by the SAO/NASA Astrophysics Data System}
}

@ARTICLE{Moster13,
       author = {{Moster}, B.~P. and {Naab}, T. and {White},
           S.~D.~M.},
           title = "{Galactic star formation and accretion histories
               from matching galaxies to dark matter haloes}",
      journal = {\mnras},
      archivePrefix = "arXiv",
      eprint = {1205.5807},
      keywords = {galaxies: evolution, galaxies: high-redshift,
                 galaxies: statistics, galaxies: stellar content,
                 cosmology: theory, dark matter},
      year = 2013,
      month = feb,
      volume = 428,
      pages = {3121-3138},
      doi = {10.1093/mnras/sts261},
      adsurl = {http://adsabs.harvard.edu/abs/2013MNRAS.428.3121M},
      adsnote = {Provided by the SAO/NASA Astrophysics Data System}
}

@ARTICLE{BK10,
       author = {{Boylan-Kolchin}, M. and {Springel}, V. and {White},
           S.~D.~M. and
                {Jenkins}, A.},
           title = "{There's no place like home? Statistics of Milky
               Way-mass dark matter haloes}",
  journal = {\mnras},
  archivePrefix = "arXiv",
     eprint = {0911.4484},
      primaryClass = "astro-ph.CO",
       keywords = {galaxies: haloes, cosmology: theory, methods:
           N-body simulations},
            year = 2010,
                month = aug,
                   volume = 406,
                       pages = {896-912},
                             doi = {10.1111/j.1365-2966.2010.16774.x},
                                adsurl =
                                {http://adsabs.harvard.edu/abs/2010MNRAS.406..896B},
                                  adsnote = {Provided by the SAO/NASA
                                      Astrophysics Data System}
}

@ARTICLE{Guo10,
       author = {{Guo}, Q. and {White}, S. and {Li}, C. and
           {Boylan-Kolchin}, M.
            },
           title = "{How do galaxies populate dark matter haloes?}",
             journal = {\mnras},
             archivePrefix = "arXiv",
                eprint = {0909.4305},
                 primaryClass = "astro-ph.CO",
                  keywords = {galaxies: haloes, galaxies: luminosity
                      function, mass function, cosmology: theory, dark
                          matter, large-scale structure of Universe},
                       year = 2010,
                           month = may,
                              volume = 404,
                                  pages = {1111-1120},
                                        doi =
                                        {10.1111/j.1365-2966.2010.16341.x},
                                           adsurl =
                                           {http://adsabs.harvard.edu/abs/2010MNRAS.404.1111G},
                                             adsnote = {Provided by
                                                 the SAO/NASA
                                                     Astrophysics Data
                                                     System}
}


@ARTICLE{Buist15,
       author = {{Buist}, H.~J.~T. and {Helmi}, A.},
           title = "{The evolution of streams in a time-dependent
               potential}",
      journal = {\aap},
      archivePrefix = "arXiv",
         eprint = {1504.00008},
          keywords = {dark matter, Galaxy: halo, Galaxy: kinematics
              and dynamics, Galaxy: structure, galaxies: evolution},
               year = 2015,
                   month = dec,
                      volume = 584,
                            eid = {A120},
                                pages = {A120},
                                      doi =
                                      {10.1051/0004-6361/201526203},
                                         adsurl =
                                         {http://adsabs.harvard.edu/abs/2015A%26A...584A.120B},
                                           adsnote = {Provided by the
                                               SAO/NASA Astrophysics
                                                   Data System}
}

@ARTICLE{Nidever18,
   author = {{Nidever}, D.~L. and {Olsen}, K. and {Choi}, Y. and {de Boer}, T.~J.~L. and 
	{Blum}, R.~D. and {Bell}, E.~F. and {Zaritsky}, D. and {Martin}, N.~F. and 
	{Saha}, A. and {Conn}, B.~C. and {Besla}, G. and {van der Marel}, R.~P. and 
	{Noel}, N.~E.~D. and {Monachesi}, A. and {Stringfellow}, G.~S. and 
	{Massana}, P. and {Cioni}, M.-R.~L. and {Gallart}, C. and {Monelli}, M. and 
	{Martinez-Delgado}, D. and {Munoz}, R.~R. and {Majewski}, S.~R. and 
	{Vivas}, A.~K. and {Walker}, A.~R. and {Kaleida}, C. and {Chu}, Y.-H.
	},
    title = "{Exploring the Very Extended Low Surface Brightness Stellar Populations of the Large Magellanic Cloud with SMASH}",
  journal = {ArXiv e-prints},
archivePrefix = "arXiv",
   eprint = {1805.02671},
 keywords = {Astrophysics - Astrophysics of Galaxies},
     year = 2018,
    month = may,
   adsurl = {http://adsabs.harvard.edu/abs/2018arXiv180502671N},
  adsnote = {Provided by the SAO/NASA Astrophysics Data System}
}


@ARTICLE{Jhonston08,
       author = {{Johnston}, K.~V. and {Bullock}, J.~S. and {Sharma},
           S. and
                {Font}, A. and {Robertson}, B.~E. and {Leitner},
           S.~N.},
           title = "{Tracing Galaxy Formation with Stellar Halos. II.
               Relating Substructure in Phase and Abundance Space to
               Accretion Histories}",
      journal = {\apj},
      archivePrefix = "arXiv",
         eprint = {0807.3911},
          keywords = {dark matter, galaxies: dwarf, galaxies:
              evolution, galaxies: formation, galaxies: halos,
              galaxies: kinematics and dynamics, Galaxy: evolution,
              Galaxy: formation, Galaxy: halo, Galaxy: kinematics and
                  dynamics, Local Group },
               year = 2008,
                   month = dec,
                      volume = 689,
                            eid = {936-957},
                                pages = {936-957},
                                      doi = {10.1086/592228},
                                         adsurl =
                                         {http://adsabs.harvard.edu/abs/2008ApJ...689..936J},
                                           adsnote = {Provided by the
                                               SAO/NASA Astrophysics
                                                   Data System}
}

@ARTICLE{Carlin16,
       author = {{Carlin}, J.~L. and {Liu}, C. and {Newberg}, H.~J.
           and {Beers}, T.~C. and
                {Deng}, L. and {Guhathakurta}, P. and {Cao}, Z. and
           {Hou}, Y. and
            {Wang}, Y. and {Wu}, Y. and {Zhang}, Y.},
           title = "{Characterizing the SHARDS of Disrupted Milky Way
               Satellites with LAMOST}",
      journal = {\apj},
      archivePrefix = "arXiv",
         eprint = {1603.04867},
          keywords = {Galaxy: halo, Galaxy: stellar content, Galaxy:
              structure, stars: kinematics and dynamics, surveys},
               year = 2016,
                   month = may,
                      volume = 822,
                            eid = {16},
                                pages = {16},
                                      doi =
                                      {10.3847/0004-637X/822/1/16},
                                         adsurl =
                                         {http://adsabs.harvard.edu/abs/2016ApJ...822...16C},
                                           adsnote = {Provided by the
                                               SAO/NASA Astrophysics
                                                   Data System}
}


@ARTICLE{Helmi99,
       author = {{Helmi}, A. and {White}, S.~D.~M.},
           title = "{Building up the stellar halo of the Galaxy}",
             journal = {\mnras},
                eprint = {astro-ph/9901102},
                     year = 1999,
                         month = aug,
                            volume = 307,
                                pages = {495-517},
                                      doi = {10.1046/j.1365-8711.1999.02616.x},
                                         adsurl = {http://adsabs.harvard.edu/abs/1999MNRAS.307..495H},
                                           adsnote = {Provided by the
                                               SAO/NASA Astrophysics
                                                   Data System}
}

@ARTICLE{Helmi08,
       author = {{Helmi}, A.},
           title = "{The stellar halo of the Galaxy}",
             journal = {\aapr},
             archivePrefix = "arXiv",
                eprint = {0804.0019},
                 keywords = {Galaxy: halo, Galaxy: formation, Galaxy:
                     evolution, Galaxy: kinematics and dynamics},
                      year = 2008,
                          month = jun,
                             volume = 15,
                                 pages = {145-188},
                                       doi = {10.1007/s00159-008-0009-6},
                                          adsurl = {http://adsabs.harvard.edu/abs/2008A%26ARv..15..145H},
                                            adsnote = {Provided by the
                                                SAO/NASA Astrophysics
                                                    Data System}
}

@ARTICLE{Bland-Hawthorn16,
       author = {{Bland-Hawthorn}, J. and {Gerhard}, O.},
           title = "{The Galaxy in Context: Structural, Kinematic, and
               Integrated Properties}",
      journal = {\araa},
      archivePrefix = "arXiv",
         eprint = {1602.07702},
              year = 2016,
                  month = sep,
                     volume = 54,
                         pages = {529-596},
                               doi = {10.1146/annurev-astro-081915-023441},
                                  adsurl = {http://adsabs.harvard.edu/abs/2016ARA%26A..54..529B},
                                    adsnote = {Provided by the
                                        SAO/NASA Astrophysics Data
                                            System}
}


@ARTICLE{Watkins10,
       author = {{Watkins}, L.~L. and {Evans}, N.~W. and {An}, J.~H.},
           title = "{The masses of the Milky Way and Andromeda
               galaxies}",
      journal = {\mnras},
      archivePrefix = "arXiv",
         eprint = {1002.4565},
          keywords = {galaxies: general, galaxies: haloes, galaxies:
              individual: M31, galaxies: kinematics and dynamics, dark
                  matter},
               year = 2010,
                   month = jul,
                      volume = 406,
                          pages = {264-278},
                                doi = {10.1111/j.1365-2966.2010.16708.x},
                                   adsurl = {http://adsabs.harvard.edu/abs/2010MNRAS.406..264W},
                                     adsnote = {Provided by the
                                         SAO/NASA Astrophysics Data
                                             System}
}

@ARTICLE{Ablimit17,
       author = {{Ablimit}, I. and {Zhao}, G.},
           title = "{The Milky Way's circular velocity curve and its
               constraint on the Galactic mass with RR Lyrae stars}",
      journal = {ArXiv e-prints},
      archivePrefix = "arXiv",
         eprint = {1708.00170},
          keywords = {Astrophysics - Astrophysics of Galaxies},
               year = 2017,
                   month = aug,
                      adsurl = {http://adsabs.harvard.edu/abs/2017arXiv170800170A},
                        adsnote = {Provided by the SAO/NASA
                            Astrophysics Data System}
}


@INPROCEEDINGS{vanderMarel09,
       author = {{van der Marel}, R.~P. and {Kallivayalil}, N. and
           {Besla}, G.
            },
           title = "{Kinematical structure of the Magellanic System}",
            keywords = {stellar dynamics, celestial mechanics,
                astrometry, ISM: kinematics and dynamics, Galaxy:
                    halo, galaxies: kinematics and dynamics,
                Magellanic Clouds, galaxies: structure, dark matter},
            booktitle = {The Magellanic System: Stars, Gas, and
                Galaxies},
                 year = 2009,
                    series = {IAU Symposium},
                       volume = 256,
                       archivePrefix = "arXiv",
                          eprint = {0809.4268},
                             editor = {{Van Loon}, J.~T. and
                                 {Oliveira}, J.~M.},
                                 month = mar,
                                     pages = {81-92},
                                           doi = {10.1017/S1743921308028299},
                                              adsurl = {http://adsabs.harvard.edu/abs/2009IAUS..256...81V},
                                                adsnote = {Provided by
                                                    the SAO/NASA
                                                        Astrophysics
                                                        Data System}
}


@ARTICLE{Behroozi10,
       author = {{Behroozi}, P.~S. and {Conroy}, C. and {Wechsler},
           R.~H.},
           title = "{A Comprehensive Analysis of Uncertainties
               Affecting the Stellar Mass-Halo Mass Relation for 0
               $\lt$ z $\lt$ 4}",
      journal = {\apj},
      archivePrefix = "arXiv",
         eprint = {1001.0015},
          primaryClass = "astro-ph.CO",
           keywords = {dark matter, galaxies: abundances, galaxies:
               evolution, galaxies: stellar content},
                year = 2010,
                    month = jul,
                       volume = 717,
                           pages = {379-403},
                                 doi = {10.1088/0004-637X/717/1/379},
                                    adsurl = {http://adsabs.harvard.edu/abs/2010ApJ...717..379B},
                                      adsnote = {Provided by the
                                          SAO/NASA Astrophysics Data
                                              System}
}



@ARTICLE{Moster10,
       author = {{Moster}, B.~P. and {Somerville}, R.~S. and
           {Maulbetsch}, C. and
            {van den Bosch}, F.~C. and {Macci{\`o}}, A.~V. and {Naab},
                T. and
                        {Oser}, L.},
           title = "{Constraints on the Relationship between Stellar
               Mass and Halo Mass at Low and High Redshift}",
      journal = {\apj},
      archivePrefix = "arXiv",
         eprint = {0903.4682},
          primaryClass = "astro-ph.CO",
           keywords = {cosmology: theory, dark matter, galaxies:
               clusters: general, galaxies: evolution, galaxies:
                   halos, galaxies: high-redshift, galaxies:
                   statistics, galaxies: stellar content, large-scale
                   structure of universe},
                year = 2010,
                    month = feb,
                       volume = 710,
                           pages = {903-923},
                                 doi = {10.1088/0004-637X/710/2/903},
                                    adsurl = {http://adsabs.harvard.edu/abs/2010ApJ...710..903M},
                                      adsnote = {Provided by the
                                          SAO/NASA Astrophysics Data
                                              System}
}


@ARTICLE{Sanderson17,
       author = {{Sanderson}, R.~E. and {Hartke}, J. and {Helmi}, A.},
           title = "{Modeling the Gravitational Potential of a
               Cosmological Dark Matter Halo with Stellar Streams}",
      journal = {\apj},
      archivePrefix = "arXiv",
         eprint = {1609.01653},
          keywords = {dark matter, Galaxy: halo, Galaxy: kinematics
              and dynamics, Galaxy: structure, methods: numerical},
               year = 2017,
                   month = feb,
                      volume = 836,
                            eid = {234},
                                pages = {234},
                                      doi =
                                      {10.3847/1538-4357/aa5eb4},
                                         adsurl = {http://adsabs.harvard.edu/abs/2017ApJ...836..234S},
                                           adsnote = {Provided by the
                                               SAO/NASA Astrophysics
                                                   Data System}
}


@ARTICLE{Gibbons14,
       author = {{Gibbons}, S.~L.~J. and {Belokurov}, V. and {Evans},
           N.~W.},
           title = "{`Skinny Milky Way please', says Sagittarius}",
             journal = {\mnras},
             archivePrefix = "arXiv",
                eprint = {1406.2243},
                 keywords = {Galaxy: fundamental parameters, Galaxy:
                     halo, Galaxy: kinematics and dynamics, galaxies:
                         dwarf},
                      year = 2014,
                          month = dec,
                             volume = 445,
                                 pages = {3788-3802},
                                       doi = {10.1093/mnras/stu1986},
                                          adsurl = {http://adsabs.harvard.edu/abs/2014MNRAS.445.3788G},
                                            adsnote = {Provided by the
                                                SAO/NASA Astrophysics
                                                    Data System}
}

@ARTICLE{Wilkinson99,
       author = {{Wilkinson}, M.~I. and {Evans}, N.~W.},
           title = "{The present and future mass of the Milky Way
               halo}",
      journal = {\mnras},
         eprint = {astro-ph/9906197},
          keywords = {GALAXY: FUNDAMENTAL PARAMETERS, GALAXY: HALO,
              GALAXY: KINEMATICS AND DYNAMICS},
               year = 1999,
                   month = dec,
                      volume = 310,
                          pages = {645-662},
                                doi = {10.1046/j.1365-8711.1999.02964.x},
                                   adsurl = {http://adsabs.harvard.edu/abs/1999MNRAS.310..645W},
                                     adsnote = {Provided by the
                                         SAO/NASA Astrophysics Data
                                             System}
}

@ARTICLE{Pearson15,
       author = {{Pearson}, S. and {K{\"u}pper}, A.~H.~W. and
           {Johnston}, K.~V. and
            {Price-Whelan}, A.~M.},
           title = "{Tidal Stream Morphology as an Indicator of Dark
               Matter Halo Geometry: The Case of Palomar 5}",
      journal = {\apj},
      archivePrefix = "arXiv",
         eprint = {1410.3477},
          keywords = {dark matter, Galaxy: halo, Galaxy: structure,
              globular clusters: individual: Palomar 5, methods:
                  numerical},
               year = 2015,
                   month = jan,
                      volume = 799,
                            eid = {28},
                                pages = {28},
                                      doi = {10.1088/0004-637X/799/1/28},
                                         adsurl = {http://adsabs.harvard.edu/abs/2015ApJ...799...28P},
                                           adsnote = {Provided by the
                                               SAO/NASA Astrophysics
                                                   Data System}
}


@ARTICLE{Jeans15,
       author = {{Jeans}, J.~H.},
           title = "{On the theory of star-streaming and the structure
               of the universe}",
      journal = {\mnras},
           year = 1915,
               month = dec,
                  volume = 76,
                      pages = {70-84},
                            doi = {10.1093/mnras/76.2.70},
                               adsurl =  {http://adsabs.harvard.edu/abs/1915MNRAS..76...70J},
                                 adsnote = {Provided by the SAO/NASA
                                     Astrophysics Data System}
}


@BOOK{BinneyTremaine,
       author = {{Binney}, J. and {Tremaine}, S.},
           title = "{Galactic Dynamics: Second Edition}",
           booktitle = {Galactic Dynamics: Second Edition, by James
               Binney and Scott Tremaine.~ISBN 978-0-691-13026-2
                   (HB).~Published by Princeton University Press,
               Princeton, NJ USA, 2008.},
                year = 2008,
                publisher = {Princeton University Press},
                   adsurl = {http://adsabs.harvard.edu/abs/2008gady.book.....B},
                     adsnote = {Provided by the SAO/NASA Astrophysics
                         Data System}
}



@ARTICLE{Klypin11,
    author = {{Klypin}, A.~A. and {Trujillo-Gomez}, S. and
    {Primack}, J.},
    title = "{Dark Matter Halos in the Standard Cosmological
    Model: Results from the Bolshoi Simulation}",
    journal = {\apj},
    archivePrefix = "arXiv",
    eprint = {1002.3660},
    keywords = {cosmology: theory, large-scale structure of
    universe, methods: numerical},
    year = 2011,
    month = oct,
    volume = 740,
    eid = {102},
    pages = {102},
    doi = {10.1088/0004-637X/740/2/102},
    adsurl = {http://adsabs.harvard.edu/abs/2011ApJ...740..102K},
    adsnote = {Provided by the SAO/NASA Astrophysics Data  System}
}




@ARTICLE{Busha11,
       author = {{Busha}, M.~T. and {Marshall}, P.~J. and {Wechsler},
           R.~H. and
                {Klypin}, A. and {Primack}, J.},
           title = "{The Mass Distribution and Assembly of the Milky
               Way from the Properties of the Magellanic Clouds}",
  journal = {\apj},
  archivePrefix = "arXiv",
     eprint = {1011.2203},
      keywords = {dark matter, Galaxy: formation, Galaxy: fundamental
          parameters, Galaxy: halo, galaxies: dwarf, galaxies:
              evolution, Magellanic Clouds},
           year = 2011,
               month = dec,
                  volume = 743,
                        eid = {40},
                            pages = {40},
                                  doi = {10.1088/0004-637X/743/1/40},
                                     adsurl =
                                     {http://adsabs.harvard.edu/abs/2011ApJ...743...40B},
                                       adsnote = {Provided by the
                                           SAO/NASA Astrophysics Data
                                               System}
}


@ARTICLE{Gonzalez13,
       author = {{Gonz{\'a}lez}, R.~E. and {Kravtsov}, A.~V. and
           {Gnedin}, N.~Y.
            },
           title = "{Satellites in Milky-Way-like Hosts: Environment
               Dependence and Close Pairs}",
      journal = {\apj},
      archivePrefix = "arXiv",
         eprint = {1301.2605},
          keywords = {dark matter, Galaxy: fundamental parameters,
              Galaxy: halo, Magellanic Clouds},
               year = 2013,
                   month = jun,
                      volume = 770,
                            eid = {96},
                                pages = {96},
                                      doi =
                                      {10.1088/0004-637X/770/2/96},
                                         adsurl =
                                         {http://adsabs.harvard.edu/abs/2013ApJ...770...96G},
                                           adsnote = {Provided by the
                                               SAO/NASA Astrophysics
                                                   Data System}
}


@ARTICLE{Laporte17,
       author = {{Laporte}, C.~F.~P. and {G{\'o}mez}, F.~A. and
           {Besla}, G. and
            {Johnston}, K.~V. and {Garavito-Camargo}, N.},
           title = "{Response of the Milky Way's disc to the Large
               Magellanic Cloud in a first infall scenario}",
      journal = {ArXiv e-prints},
      archivePrefix = "arXiv",
         eprint = {1608.04743},
          keywords = {Astrophysics - Astrophysics of Galaxies},
               year = 2016,
                   month = aug,
                      adsurl =
                      {http://adsabs.harvard.edu/abs/2016arXiv160804743L},
                        adsnote = {Provided by the SAO/NASA
                            Astrophysics Data System}
}


@ARTICLE{Lynden-Bell81,
       author = {{Lynden-Bell}, D.},
           title = "{The dynamical age of the local group of
               galaxies}",
  journal = {The Observatory},
       year = 1981,
           month = aug,
              volume = 101,
                  pages = {111-114},
                     adsurl =
                     {http://adsabs.harvard.edu/abs/1981Obs...101..111L},
                       adsnote = {Provided by the SAO/NASA
                           Astrophysics Data System}
}

@ARTICLE{Sandage86,
       author = {{Sandage}, A.},
           title = "{The redshift-distance relation. IX - Perturbation
               of the very nearby velocity field by the mass of the
               Local Group}",
  journal = {\apj},
   keywords = {Cosmology, Distance, Galactic Structure, Local Group
       (Astronomy), Red Shift, Velocity Distribution, Andromeda
           Galaxy, Deceleration, Equations Of Motion, Mass To Light
           Ratios},
        year = 1986,
            month = aug,
               volume = 307,
                   pages = {1-19},
                         doi = {10.1086/164387},
                            adsurl =
                            {http://adsabs.harvard.edu/abs/1986ApJ...307....1S},
                              adsnote = {Provided by the SAO/NASA
                                  Astrophysics Data System}
}



@ARTICLE{Partridge13,
       author = {{Partridge}, C. and {Lahav}, O. and {Hoffman}, Y.},
           title = "{Weighing the Local Group in the presence of dark
               energy}",
      journal = {\mnras},
      archivePrefix = "arXiv",
         eprint = {1308.0970},
          keywords = {galaxies: kinematics and dynamics, Local Group,
              dark energy},
               year = 2013,
                   month = nov,
                      volume = 436,
                          pages = {L45-L48},
                                doi = {10.1093/mnrasl/slt109},
                                   adsurl =
                                   {http://adsabs.harvard.edu/abs/2013MNRAS.436L..45P},
                                     adsnote = {Provided by the
                                         SAO/NASA Astrophysics Data
                                             System}
}



@ARTICLE{Penarrubia14,
       author = {{Pe{\~n}arrubia}, J. and {Ma}, Y.-Z. and {Walker},
           M.~G. and
                {McConnachie}, A.},
           title = "{A dynamical model of the local cosmic
               expansion}",
      journal = {\mnras},
      archivePrefix = "arXiv",
         eprint = {1405.0306},
          keywords = {Galaxy: fundamental parameters, Galaxy:
              kinematics and dynamics, Local Group, cosmological
                  parameters, dark energy, dark matter},
               year = 2014,
                   month = sep,
                      volume = 443,
                          pages = {2204-2222},
                                doi = {10.1093/mnras/stu879},
                                   adsurl =
                                   {http://adsabs.harvard.edu/abs/2014MNRAS.443.2204P},
                                     adsnote = {Provided by the
                                         SAO/NASA Astrophysics Data
                                             System}
}


@ARTICLE{Guglielmo14,
       author = {{Guglielmo}, M. and {Lewis}, G.~F. and
           {Bland-Hawthorn}, J.},
           title = "{A genetic approach to the history of the
               Magellanic Clouds}",
      journal = {\mnras},
      archivePrefix = "arXiv",
         eprint = {1407.8298},
          keywords = {Galaxy: halo, galaxies: interactions, Magellanic
              Clouds},
               year = 2014,
                   month = oct,
                      volume = 444,
                          pages = {1759-1774},
                                doi = {10.1093/mnras/stu1549},
                                   adsurl =
                                   {http://adsabs.harvard.edu/abs/2014MNRAS.444.1759G},
                                     adsnote = {Provided by the
                                         SAO/NASA Astrophysics Data
                                             System}
}


@ARTICLE{Diaz11,
       author = {{Diaz}, J. and {Bekki}, K.},
           title = "{Constraining the orbital history of the
               Magellanic Clouds: a new bound scenario suggested by
               the tidal origin of the Magellanic Stream}",
      journal = {\mnras},
      archivePrefix = "arXiv",
         eprint = {1101.2500},
              year = 2011,
                  month = may,
                     volume = 413,
                         pages = {2015-2020},
                               doi =
                               {10.1111/j.1365-2966.2011.18289.x},
                                  adsurl =
                                  {http://adsabs.harvard.edu/abs/2011MNRAS.413.2015D},
                                    adsnote = {Provided by the
                                        SAO/NASA Astrophysics Data
                                            System}
}

@ARTICLE{Gardiner96,
       author = {{Gardiner}, L.~T. and {Noguchi}, M.},
           title = "{N-body simulations of the Small Magellanic Cloud
               and the Magellanic Stream}",
      journal = {\mnras},
         eprint = {astro-ph/9503095},
          keywords = {METHODS: NUMERICAL, GALAXIES: INTERACTIONS,
              GALAXIES: KINEMATICS AND DYNAMICS, MAGELLANIC CLOUDS,
              GALAXIES: STRUCTURE},
               year = 1996,
                   month = jan,
                      volume = 278,
                          pages = {191-208},
                                doi = {10.1093/mnras/278.1.191},
                                   adsurl =
                                   {http://adsabs.harvard.edu/abs/1996MNRAS.278..191G},
                                     adsnote = {Provided by the
                                         SAO/NASA Astrophysics Data
                                             System}
}

@ARTICLE{Yoshizawa03,
       author = {{Yoshizawa}, A.~M. and {Noguchi}, M.},
           title = "{The dynamical evolution and star formation
               history of the Small Magellanic Cloud: effects of
               interactions with the Galaxy and the Large Magellanic
               Cloud}",
      journal = {\mnras},
       keywords = {methods: N-body simulations, galaxies:
           interactions, galaxies: ISM, Magellanic Clouds},
            year = 2003,
                month = mar,
                   volume = 339,
                       pages = {1135-1154},
                             doi = {10.1046/j.1365-8711.2003.06263.x},
                                adsurl =
                                {http://adsabs.harvard.edu/abs/2003MNRAS.339.1135Y},
                                  adsnote = {Provided by the SAO/NASA
                                      Astrophysics Data System}
}


@ARTICLE{Connors06,
       author = {{Connors}, T.~W. and {Kawata}, D. and {Gibson},
           B.~K.},
           title = "{N-body simulations of the Magellanic stream}",
             journal = {\mnras},
                eprint = {astro-ph/0508390},
                 keywords = {methods: N-body simulations , galaxies:
                     interactions , Magellanic Clouds},
                      year = 2006,
                          month = sep,
                             volume = 371,
                                 pages = {108-120},
                                       doi =
                                       {10.1111/j.1365-2966.2006.10659.x},
                                          adsurl =
                                          {http://adsabs.harvard.edu/abs/2006MNRAS.371..108C},
                                            adsnote = {Provided by the
                                                SAO/NASA Astrophysics
                                                    Data System}
}


@ARTICLE{Connors04,
       author = {{Connors}, T.~W. and {Kawata}, D. and {Maddison},
           S.~T. and
                {Gibson}, B.~K.},
           title = "{High-Resolution N-body Simulations of Galactic
               Cannibalism: The Magellanic Stream}",
      journal = {\pasa},
         eprint = {astro-ph/0402187},
          keywords = {methods: N-body simulations, galaxies:
              interactions, Magellanic Clouds},
               year = 2004,
                  volume = 21,
                      pages = {222-227},
                            doi = {10.1071/AS04014},
                               adsurl =
                               {http://adsabs.harvard.edu/abs/2004PASA...21..222C},
                                 adsnote = {Provided by the SAO/NASA
                                     Astrophysics Data System}
}

@ARTICLE{Hansen06,
       author = {{Hansen}, S.~H. and {Moore}, B.},
           title = "{A universal density slope   Velocity anisotropy
               relation for relaxed structures}",
  journal = {\na},
     eprint = {astro-ph/0411473},
          year = 2006,
              month = mar,
                 volume = 11,
                     pages = {333-338},
                           doi = {10.1016/j.newast.2005.09.001},
                              adsurl =
                              {http://adsabs.harvard.edu/abs/2006NewA...11..333H},
                                adsnote = {Provided by the SAO/NASA
                                    Astrophysics Data System}
}


@ARTICLE{Kahn59,
   author = {{Kahn}, F.~D. and {Woltjer}, L.},
    title = "{Intergalactic Matter and the Galaxy.}",
  journal = {\apj},
     year = 1959,
    month = nov,
   volume = 130,
    pages = {705},
      doi = {10.1086/146762},
   adsurl = {http://adsabs.harvard.edu/abs/1959ApJ...130..705K},
  adsnote = {Provided by the SAO/NASA Astrophysics Data System}
}


@ARTICLE{Christensen12,
   author = {{Christensen}, C. and {Quinn}, T. and {Governato}, F. and
{Stilp}, A. and
	{Shen}, S. and {Wadsley}, J.},
    title = "{Implementing molecular hydrogen in hydrodynamic
simulations of galaxy formation}",
  journal = {\mnras},
archivePrefix = "arXiv",
   eprint = {1205.5567},
 keywords = {hydrodynamics, stars: formation, ISM: molecules,
galaxies: dwarf, galaxies: evolution},
     year = 2012,
    month = oct,
   volume = 425,
    pages = {3058-3076},
      doi = {10.1111/j.1365-2966.2012.21628.x},
   adsurl = {http://adsabs.harvard.edu/abs/2012MNRAS.425.3058C},
  adsnote = {Provided by the SAO/NASA Astrophysics Data System}
}

@ARTICLE{Vesperini00,
   author = {{Vesperini}, E. and {Weinberg}, M.~D.},
    title = "{Perturbations of Spherical Stellar Systems during Flyby
Encounters}",
  journal = {\apj},
   eprint = {astro-ph/9908099},
 keywords = {Celestial Mechanics, Stellar Dynamics, Galaxies:
Clusters: General, Galaxies: Halos, Galaxies: Interactions, Galaxies:
Kinematics and Dynamics, Galaxies: Structure},
     year = 2000,
    month = may,
   volume = 534,
    pages = {598-623},
      doi = {10.1086/308788},
   adsurl = {http://adsabs.harvard.edu/abs/2000ApJ...534..598V},
  adsnote = {Provided by the SAO/NASA Astrophysics Data System}
}

@ARTICLE{Guedes11,
   author = {{Guedes}, J. and {Callegari}, S. and {Madau}, P. and
{Mayer}, L.
	},
    title = "{Forming Realistic Late-type Spirals in a {$\Lambda$}CDM
Universe: The Eris Simulation}",
  journal = {\apj},
archivePrefix = "arXiv",
   eprint = {1103.6030},
 keywords = {galaxies: formation},
     year = 2011,
    month = dec,
   volume = 742,
      eid = {76},
    pages = {76},
      doi = {10.1088/0004-637X/742/2/76},
   adsurl = {http://adsabs.harvard.edu/abs/2011ApJ...742...76G},
  adsnote = {Provided by the SAO/NASA Astrophysics Data System}
}


@ARTICLE{Sirko04,
   author = {{Sirko}, E. and {Goodman}, J. and {Knapp}, G.~R. and
{Brinkmann}, J. and
	{Ivezi{\'c}}, {\v Z}. and {Knerr}, E.~J. and {Schlegel}, D. and
	{Schneider}, D.~P. and {York}, D.~G.},
    title = "{Blue Horizontal-Branch Stars in the Sloan Digital Sky
Survey. II. Kinematics of the Galactic Halo}",
  journal = {\aj},
   eprint = {astro-ph/0311325},
 keywords = {Galaxy: Halo, Galaxy: Kinematics and Dynamics, Stars:
Horizontal-Branch},
     year = 2004,
    month = feb,
   volume = 127,
    pages = {914-924},
      doi = {10.1086/381486},
   adsurl = {http://adsabs.harvard.edu/abs/2004AJ....127..914S},
  adsnote = {Provided by the SAO/NASA Astrophysics Data System}
}

@ARTICLE{Kafle12,
   author = {{Kafle}, P.~R. and {Sharma}, S. and {Lewis}, G.~F. and
{Bland-Hawthorn}, J.
	},
    title = "{Kinematics of the Stellar Halo and the Mass Distribution
of the Milky Way Using Blue Horizontal Branch Stars}",
  journal = {\apj},
archivePrefix = "arXiv",
   eprint = {1210.7527},
 primaryClass = "astro-ph.GA",
 keywords = {galaxies: individual: Milky Way, Galaxy: halo, stars:
horizontal-branch, stars: kinematics and dynamics},
     year = 2012,
    month = dec,
   volume = 761,
      eid = {98},
    pages = {98},
      doi = {10.1088/0004-637X/761/2/98},
   adsurl = {http://adsabs.harvard.edu/abs/2012ApJ...761...98K},
  adsnote = {Provided by the SAO/NASA Astrophysics Data System}
}

@ARTICLE{Xue15,
   author = {{Xue}, X.-X. and {Rix}, H.-W. and {Ma}, Z. and
{Morrison}, H. and
	{Bovy}, J. and {Sesar}, B. and {Janesh}, W.},
    title = "{The Radial Profile and Flattening of the Milky
Way{\rsquo}s Stellar Halo to 80 kpc from the SEGUE K-giant Survey}",
  journal = {\apj},
archivePrefix = "arXiv",
   eprint = {1506.06144},
 keywords = {galaxies: individual: Milky Way, Galaxy: halo, Galaxy:
stellar content, stars: individual: K giants},
     year = 2015,
    month = aug,
   volume = 809,
      eid = {144},
    pages = {144},
      doi = {10.1088/0004-637X/809/2/144},
   adsurl = {http://adsabs.harvard.edu/abs/2015ApJ...809..144X},
  adsnote = {Provided by the SAO/NASA Astrophysics Data System}
}

@ARTICLE{Deason12,
   author = {{Deason}, A.~J. and {Belokurov}, V. and {Evans}, N.~W.
and {An}, J.
	},
    title = "{Broken degeneracies: the rotation curve and velocity
anisotropy of the Milky Way halo}",
  journal = {\mnras},
archivePrefix = "arXiv",
   eprint = {1204.5189},
 keywords = {stars, Galaxy: halo, Galaxy: kinematics and dynamics,
dark matter},
     year = 2012,
    month = jul,
   volume = 424,
    pages = {L44-L48},
      doi = {10.1111/j.1745-3933.2012.01283.x},
   adsurl = {http://adsabs.harvard.edu/abs/2012MNRAS.424L..44D},
  adsnote = {Provided by the SAO/NASA Astrophysics Data System}
}

@ARTICLE{Deason11,
   author = {{Deason}, A.~J. and {Belokurov}, V. and {Evans}, N.~W.},
    title = "{The Milky Way stellar halo out to 40 kpc: squashed,
broken but smooth}",
  journal = {\mnras},
archivePrefix = "arXiv",
   eprint = {1104.3220},
 keywords = {Galaxy: stellar content, Galaxy: structure, galaxies:
general, galaxies: haloes, galaxies: individual: Milky Way, galaxies:
photometry},
     year = 2011,
    month = oct,
   volume = 416,
    pages = {2903-2915},
      doi = {10.1111/j.1365-2966.2011.19237.x},
   adsurl = {http://adsabs.harvard.edu/abs/2011MNRAS.416.2903D},
  adsnote = {Provided by the SAO/NASA Astrophysics Data System}
}

@ARTICLE{Deason14,
       author = {{Deason}, A.~J. and {Belokurov}, V. and {Koposov}, S.~E. and {Rockosi},
        C.~M.},
        title = "{Touching The Void: A Striking Drop in Stellar Halo Density Beyond 50 kpc}",
      journal = {\apj},
     keywords = {Galaxy: formation, Galaxy: halo, Galaxy: stellar content, Galaxy:
        structure, stars: horizontal-branch, Astrophysics - Astrophysics
        of Galaxies},
         year = 2014,
        month = May,
       volume = {787},
          eid = {30},
        pages = {30},
          doi = {10.1088/0004-637X/787/1/30},
archivePrefix = {arXiv},
       eprint = {1403.7205},
 primaryClass = {astro-ph.GA},
       adsurl = {https://ui.adsabs.harvard.edu/#abs/2014ApJ...787...30D},
      adsnote = {Provided by the SAO/NASA Astrophysics Data System}
}



@ARTICLE{Xu18,
   author = {{Xu}, Y. and {Liu}, C. and {Xue}, X.-X. and {Newberg},
H.~J. and
	{Carlin}, J.~L. and {Xia}, Q.-R. and {Deng}, L.-C. and {Li}, J.
and
	{Zhang}, Y. and {Hou}, Y. and {Wang}, Y. and {Cao}, Z.},
    title = "{Mapping the Milky Way with LAMOST {\ndash} II. The
stellar halo}",
  journal = {\mnras},
archivePrefix = "arXiv",
   eprint = {1706.08650},
     year = 2018,
    month = jan,
   volume = 473,
    pages = {1244-1257},
      doi = {10.1093/mnras/stx2361},
   adsurl = {http://adsabs.harvard.edu/abs/2018MNRAS.473.1244X},
  adsnote = {Provided by the SAO/NASA Astrophysics Data System}
}



@ARTICLE{Sesar13,
   author = {{Sesar}, B. and {Ivezi{\'c}}, {\v Z}. and {Stuart}, J.~S. and
	{Morgan}, D.~M. and {Becker}, A.~C. and {Sharma}, S. and
{Palaversa}, L. and
	{Juri{\'c}}, M. and {Wozniak}, P. and {Oluseyi}, H.},
    title = "{Exploring the Variable Sky with LINEAR. II. Halo
Structure and Substructure Traced by RR Lyrae Stars to 30 kpc}",
  journal = {\aj},
archivePrefix = "arXiv",
   eprint = {1305.2160},
     year = 2013,
    month = aug,
   volume = 146,
      eid = {21},
    pages = {21},
      doi = {10.1088/0004-6256/146/2/21},
   adsurl = {http://adsabs.harvard.edu/abs/2013AJ....146...21S},
  adsnote = {Provided by the SAO/NASA Astrophysics Data System}
}


@ARTICLE{Iorio17,
   author = {{Iorio}, G. and {Belokurov}, V. and {Erkal}, D. and
{Koposov}, S.~E. and
	{Nipoti}, C. and {Fraternali}, F.},
    title = "{The first all-sky view of the Milky Way stellar halo
with Gaia+2MASS RR Lyrae}",
  journal = {ArXiv e-prints},
archivePrefix = "arXiv",
   eprint = {1707.03833},
 keywords = {Astrophysics - Astrophysics of Galaxies},
     year = 2017,
    month = jul,
   adsurl = {http://adsabs.harvard.edu/abs/2017arXiv170703833I},
  adsnote = {Provided by the SAO/NASA Astrophysics Data System}
}

@ARTICLE{Bahcall81,
       author = {{Bahcall}, J.~N. and {Tremaine}, S.},
       title = "{Methods for determining the masses of spherical
                 systems. I - Test particles around a point mass}",
       journal = {\apj},
       keywords = {Celestial Mechanics, Galactic Clusters, Mass
                   Distribution, Stellar Motions, Andromeda Galaxy, Monte
                   Carlo Method, Quasars, Radial Velocity, Spheres, Spiral
                   Galaxies, Statistical Analysis, Virial Theorem},
       year = 1981,
       month = mar,
       volume = 244,
       pages = {805-819},
       doi = {10.1086/158756},
       adsurl =  {http://adsabs.harvard.edu/abs/1981ApJ...244..805B},
       adsnote = {Provided by the SAO/NASA Astrophysics Data System}
}

@ARTICLE{emcee,
   author = {{Foreman-Mackey}, D. and {Hogg}, D.~W. and {Lang}, D. and
{Goodman}, J.
	},
    title = "{emcee: The MCMC Hammer}",
  journal = {\pasp},
archivePrefix = "arXiv",
   eprint = {1202.3665},
 primaryClass = "astro-ph.IM",
     year = 2013,
    month = mar,
   volume = 125,
    pages = {306},
      doi = {10.1086/670067},
   adsurl = {http://adsabs.harvard.edu/abs/2013PASP..125..306F},
  adsnote = {Provided by the SAO/NASA Astrophysics Data System}
}



@ARTICLE{Pila-Diez15,
   author = {{Pila-D{\'{\i}}ez}, B. and {de Jong}, J.~T.~A. and
{Kuijken}, K. and
	{van der Burg}, R.~F.~J. and {Hoekstra}, H.},
    title = "{A skewer survey of the Galactic halo from deep CFHT and
INT images}",
  journal = {\aap},
archivePrefix = "arXiv",
   eprint = {1502.02460},
 keywords = {Galaxy: structure, Galaxy: halo, Galaxy: stellar
content},
     year = 2015,
    month = jul,
   volume = 579,
      eid = {A38},
    pages = {A38},
      doi = {10.1051/0004-6361/201425457},
   adsurl = {http://adsabs.harvard.edu/abs/2015A%26A...579A..38P},
  adsnote = {Provided by the SAO/NASA Astrophysics Data System}
}

@ARTICLE{Sesar11,
   author = {{Sesar}, B. and {Juri{\'c}}, M. and {Ivezi{\'c}}, {\v
Z}.},
    title = "{The Shape and Profile of the Milky Way Halo as Seen by
the Canada-France-Hawaii Telescope Legacy Survey}",
  journal = {\apj},
archivePrefix = "arXiv",
   eprint = {1011.4487},
 keywords = {Galaxy: halo, Galaxy: stellar content, Galaxy: structure,
stars: statistics},
     year = 2011,
    month = apr,
   volume = 731,
      eid = {4},
    pages = {4},
      doi = {10.1088/0004-637X/731/1/4},
   adsurl = {http://adsabs.harvard.edu/abs/2011ApJ...731....4S},
  adsnote = {Provided by the SAO/NASA Astrophysics Data System}
}



@ARTICLE{Sesar10,
   author = {{Sesar}, B. and {Ivezi{\'c}}, {\v Z}. and {Grammer},
S.~H. and
	{Morgan}, D.~P. and {Becker}, A.~C. and {Juri{\'c}}, M. and
	{De Lee}, N. and {Annis}, J. and {Beers}, T.~C. and {Fan}, X. and
	{Lupton}, R.~H. and {Gunn}, J.~E. and {Knapp}, G.~R. and {Jiang},
L. and
	{Jester}, S. and {Johnston}, D.~E. and {Lampeitl}, H.},
    title = "{Light Curve Templates and Galactic Distribution of RR
Lyrae Stars from Sloan Digital Sky Survey Stripe 82}",
  journal = {\apj},
archivePrefix = "arXiv",
   eprint = {0910.4611},
 keywords = {Galaxy: halo, Galaxy: stellar content, Galaxy: structure,
methods: data analysis, stars: horizontal-branch, stars: statistics,
stars: variables: other},
     year = 2010,
    month = jan,
   volume = 708,
    pages = {717-741},
      doi = {10.1088/0004-637X/708/1/717},
   adsurl = {http://adsabs.harvard.edu/abs/2010ApJ...708..717S},
  adsnote = {Provided by the SAO/NASA Astrophysics Data System}
}


@ARTICLE{Watkins09,
   author = {{Watkins}, L.~L. and {Evans}, N.~W. and {Belokurov}, V.
and
	{Smith}, M.~C. and {Hewett}, P.~C. and {Bramich}, D.~M. and
	{Gilmore}, G.~F. and {Irwin}, M.~J. and {Vidrih}, S. and
{Wyrzykowski}, {\L}. and
	{Zucker}, D.~B.},
    title = "{Substructure revealed by RRLyraes in SDSS Stripe 82}",
  journal = {\mnras},
archivePrefix = "arXiv",
   eprint = {0906.0498},
 primaryClass = "astro-ph.GA",
 keywords = {catalogues , astrometry , stars: variables: other ,
Galaxy: halo , Galaxy: stellar content , Galaxy: structure},
     year = 2009,
    month = oct,
   volume = 398,
    pages = {1757-1770},
      doi = {10.1111/j.1365-2966.2009.15242.x},
   adsurl = {http://adsabs.harvard.edu/abs/2009MNRAS.398.1757W},
  adsnote = {Provided by the SAO/NASA Astrophysics Data System}
}

@ARTICLE{Faccioli14,
   author = {{Faccioli}, L. and {Smith}, M.~C. and {Yuan}, H.-B. and
{Zhang}, H.-H. and
	{Liu}, X.-W. and {Zhao}, H.-B. and {Yao}, J.-S.},
    title = "{RR Lyrae in XSTPS: The Halo Density Profile in the North
Galactic Cap}",
  journal = {\apj},
archivePrefix = "arXiv",
   eprint = {1404.6318},
 keywords = {Galaxy: halo, Galaxy: stellar content, Galaxy: structure,
stars: variables: RR Lyrae, surveys, techniques: photometric},
     year = 2014,
    month = jun,
   volume = 788,
      eid = {105},
    pages = {105},
      doi = {10.1088/0004-637X/788/2/105},
   adsurl = {http://adsabs.harvard.edu/abs/2014ApJ...788..105F},
  adsnote = {Provided by the SAO/NASA Astrophysics Data System}
}

@ARTICLE{Slater16,
   author = {{Slater}, C.~T. and {Nidever}, D.~L. and {Munn}, J.~A.
and {Bell}, E.~F. and
	{Majewski}, S.~R.},
    title = "{The Stellar Density Profile of the Distant Galactic
Halo}",
  journal = {\apj},
archivePrefix = "arXiv",
   eprint = {1610.02034},
 keywords = {Galaxy: halo, Galaxy: structure},
     year = 2016,
    month = dec,
   volume = 832,
      eid = {206},
    pages = {206},
      doi = {10.3847/0004-637X/832/2/206},
   adsurl = {http://adsabs.harvard.edu/abs/2016ApJ...832..206S},
  adsnote = {Provided by the SAO/NASA Astrophysics Data System}
}


@ARTICLE{Cohen17,
   author = {{Cohen}, J. and {Sesar}, B. and {Bahnolzer}, S. and {He},
K. and
	{Kulkarni}, S.~R. and {Prince}, T.~A. and {Bellm}, E. and {Laher},
R.~R.
	},
    title = "{The Outer Halo of the Milky Way as Probed by RR Lyr
Variables from the Palomar Transient Facility}",
  journal = {ArXiv e-prints},
archivePrefix = "arXiv",
   eprint = {1710.01276},
 keywords = {Astrophysics - Astrophysics of Galaxies},
     year = 2017,
    month = oct,
   adsurl = {http://adsabs.harvard.edu/abs/2017arXiv171001276C},
  adsnote = {Provided by the SAO/NASA Astrophysics Data System}
}

@ARTICLE{Slater16,
   author = {{Slater}, C.~T. and {Nidever}, D.~L. and {Munn}, J.~A.
and {Bell}, E.~F. and
	{Majewski}, S.~R.},
    title = "{The Stellar Density Profile of the Distant Galactic
Halo}",
  journal = {\apj},
archivePrefix = "arXiv",
   eprint = {1610.02034},
 keywords = {Galaxy: halo, Galaxy: structure},
     year = 2016,
    month = dec,
   volume = 832,
      eid = {206},
    pages = {206},
      doi = {10.3847/0004-637X/832/2/206},
   adsurl = {http://adsabs.harvard.edu/abs/2016ApJ...832..206S},
  adsnote = {Provided by the SAO/NASA Astrophysics Data System}
}



@ARTICLE{Vivas06,
   author = {{Vivas}, A.~K. and {Zinn}, R.},
    title = "{The QUEST RR Lyrae Survey. II. The Halo Overdensities in
the First Catalog}",
  journal = {\aj},
   eprint = {astro-ph/0604359},
 keywords = {Galaxy: Halo, Galaxy: Structure, Stars: Variables:
Other},
     year = 2006,
    month = aug,
   volume = 132,
    pages = {714-728},
      doi = {10.1086/505200},
   adsurl = {http://adsabs.harvard.edu/abs/2006AJ....132..714V},
  adsnote = {Provided by the SAO/NASA Astrophysics Data System}
}



@ARTICLE{Saha85,
   author = {{Saha}, A.},
    title = "{RR Lyrae stars and the distant Galactic halo -
Distribution, chemical composition, kinematics, and dynamics}",
  journal = {\apj},
 keywords = {Galactic Structure, Milky Way Galaxy, Reference Stars,
Stellar Composition, Stellar Motions, Density Distribution, Galactic
Mass, Kinematics, Mass Distribution, Metallicity, Stellar Magnitude},
     year = 1985,
    month = feb,
   volume = 289,
    pages = {310-319},
      doi = {10.1086/162890},
   adsurl = {http://adsabs.harvard.edu/abs/1985ApJ...289..310S},
  adsnote = {Provided by the SAO/NASA Astrophysics Data System}
}


@ARTICLE{Bond10,
   author = {{Bond}, N.~A. and {Ivezi{\'c}}, {\v Z}. and {Sesar}, B.
and
	{Juri{\'c}}, M. and {Munn}, J.~A. and {Kowalski}, A. and
{Loebman}, S. and
	{Ro{\v s}kar}, R. and {Beers}, T.~C. and {Dalcanton}, J. and
	{Rockosi}, C.~M. and {Yanny}, B. and {Newberg}, H.~J. and {Allende
Prieto}, C. and
	{Wilhelm}, R. and {Lee}, Y.~S. and {Sivarani}, T. and {Majewski},
S.~R. and
	{Norris}, J.~E. and {Bailer-Jones}, C.~A.~L. and {Re Fiorentin},
P. and
	{Schlegel}, D. and {Uomoto}, A. and {Lupton}, R.~H. and {Knapp},
G.~R. and
	{Gunn}, J.~E. and {Covey}, K.~R. and {Allyn Smith}, J. and
{Miknaitis}, G. and
	{Doi}, M. and {Tanaka}, M. and {Fukugita}, M. and {Kent}, S. and
	{Finkbeiner}, D. and {Quinn}, T.~R. and {Hawley}, S. and
{Anderson}, S. and
	{Kiuchi}, F. and {Chen}, A. and {Bushong}, J. and {Sohi}, H. and
	{Haggard}, D. and {Kimball}, A. and {McGurk}, R. and {Barentine},
J. and
	{Brewington}, H. and {Harvanek}, M. and {Kleinman}, S. and
{Krzesinski}, J. and
	{Long}, D. and {Nitta}, A. and {Snedden}, S. and {Lee}, B. and
	{Pier}, J.~R. and {Harris}, H. and {Brinkmann}, J. and
{Schneider}, D.~P.
	},
    title = "{The Milky Way Tomography with SDSS. III. Stellar
Kinematics}",
  journal = {\apj},
archivePrefix = "arXiv",
   eprint = {0909.0013},
 keywords = {Galaxy: disk, Galaxy: halo, Galaxy: kinematics and
dynamics, Galaxy: stellar content, Galaxy: structure, methods: data
analysis, stars: statistics},
     year = 2010,
    month = jun,
   volume = 716,
    pages = {1-29},
      doi = {10.1088/0004-637X/716/1/1},
   adsurl = {http://adsabs.harvard.edu/abs/2010ApJ...716....1B},
  adsnote = {Provided by the SAO/NASA Astrophysics Data System}
}

@ARTICLE{Smith09,
   author = {{Smith}, M.~C. and {Evans}, N.~W. and {Belokurov}, V. and
{Hewett}, P.~C. and
	{Bramich}, D.~M. and {Gilmore}, G. and {Irwin}, M.~J. and
{Vidrih}, S. and
	{Zucker}, D.~B.},
    title = "{Kinematics of SDSS subdwarfs: structure and substructure
of the Milky Way halo}",
  journal = {\mnras},
archivePrefix = "arXiv",
   eprint = {0904.1012},
 primaryClass = "astro-ph.GA",
 keywords = {stars: Population II , subdwarfs , Galaxy: halo , Galaxy:
kinematics and dynamics , solar neighbourhood},
     year = 2009,
    month = nov,
   volume = 399,
    pages = {1223-1237},
      doi = {10.1111/j.1365-2966.2009.15391.x},
   adsurl = {http://adsabs.harvard.edu/abs/2009MNRAS.399.1223S},
  adsnote = {Provided by the SAO/NASA Astrophysics Data System}
}


@ARTICLE{King15,
   author = {{King}, III, C. and {Brown}, W.~R. and {Geller}, M.~J.
and {Kenyon}, S.~J.
	},
    title = "{Stellar Velocity Dispersion and Anisotropy of the Milky
Way Inner Halo}",
  journal = {\apj},
archivePrefix = "arXiv",
   eprint = {1506.05369},
 keywords = {Galaxy: formation, Galaxy: fundamental parameters,
Galaxy: halo, Galaxy: kinematics and dynamics, Galaxy: structure,
stars: Population II},
     year = 2015,
    month = nov,
   volume = 813,
      eid = {89},
    pages = {89},
      doi = {10.1088/0004-637X/813/2/89},
   adsurl = {http://adsabs.harvard.edu/abs/2015ApJ...813...89K},
  adsnote = {Provided by the SAO/NASA Astrophysics Data System}
}

% Halo reponse

@ARTICLE{Murali98,
   author = {{Murali}, C. and {Tremaine}, S.},
    title = "{Linear response of galactic haloes to adiabatic gravitational perturbations}",
  journal = {\mnras},
   eprint = {astro-ph/9709130},
 keywords = {CELESTIAL MECHANICS, STELLAR DYNAMICS, GALAXIES: HALOES, GALAXIES: INDIVIDUAL: MILKY WAY, GALAXIES: KINEMATICS AND DYNAMICS},
     year = 1998,
    month = may,
   volume = 296,
    pages = {749-762},
      doi = {10.1046/j.1365-8711.1998.01453.x},
   adsurl = {http://adsabs.harvard.edu/abs/1998MNRAS.296..749M},
  adsnote = {Provided by the SAO/NASA Astrophysics Data System}
}

@ARTICLE{Tremaine84,
       author = {{Tremaine}, S. and {Weinberg}, M.~D.},
        title = "{Dynamical friction in spherical systems.}",
      journal = {\mnras},
     keywords = {Celestial Mechanics, Chandrasekhar Equation, Friction Drag, Galactic
        Evolution, Gravitational Effects, Star Clusters, Stellar
        Systems, Angular Velocity, Astronomical Models, Capture Effect,
        Orbit Decay, Resonance, Spheres, Stellar Motions, Astronomy},
         year = 1984,
        month = Aug,
       volume = {209},
        pages = {729-757},
          doi = {10.1093/mnras/209.4.729},
       adsurl = {https://ui.adsabs.harvard.edu/\#abs/1984MNRAS.209..729T},
      adsnote = {Provided by the SAO/NASA Astrophysics Data System}
}



@ARTICLE{Shao18,
     author = {{Shao}, S. and {Cautun}, M. and {Deason}, A.~J. and {Frenk},
       C.~S.
            },
         title = "{Evolution of LMC-mass dwarf galaxies in the EAGLE
           simulation}",
  journal = {ArXiv e-prints},
  archivePrefix = "arXiv",
     eprint = {1803.07269},
      keywords = {Astrophysics - Astrophysics of Galaxies, Astrophysics -
        Cosmology and Nongalactic Astrophysics},
           year = 2018,
               month = mar,
                  adsurl = {http://adsabs.harvard.edu/abs/2018arXiv180307269S},
                    adsnote = {Provided by the SAO/NASA Astrophysics Data
                      System}
}


@ARTICLE{Laporte13b,
    author = {{Laporte}, C.~F.~P. and {White}, S.~D.~M. and {Naab}, T. and 
        {Gao}, L.},
    title = "{The growth in size and mass of cluster galaxies since z =  2}",
    journal = {\mnras},
    archivePrefix = "arXiv",
    eprint = {1301.5319},
    keywords = {galaxies: clusters: general, galaxies: elliptical and
                lenticular, cD, galaxies: evolution, galaxies: formation},
    year = 2013,
    month = oct,
    volume = 435,
    pages = {901-909},
    doi = {10.1093/mnras/stt912},
    adsurl = {http://adsabs.harvard.edu/abs/2013MNRAS.435..901L},
    adsnote = {Provided by the SAO/NASA Astrophysics Data System}
}

@ARTICLE{Laporte13a,
    author = {{Laporte}, C.~F.~P. and {Walker}, M.~G. and {Pe{\~n}arrubia}, J.},
    title = "{Measuring the slopes of mass profiles for dwarf spheroidals
           in triaxial cold dark matter potentials}",
    journal = {\mnras},
    archivePrefix = "arXiv",
    eprint = {1303.1534},
    keywords = {galaxies: kinematics and dynamics, galaxies: structure},
    year = 2013,
    month = jun,
    volume = 433,
    pages = {L54-L58},
    doi = {10.1093/mnrasl/slt057},
    adsurl = {http://adsabs.harvard.edu/abs/2013MNRAS.433L..54L},
    adsnote = {Provided by the SAO/NASA Astrophysics Data System}
}


@ARTICLE{Medina18,
     author = {{Medina}, G.~E. and {Mu{\~n}oz}, R.~R. and {Vivas}, A.~K. and 
        {Carlin}, J.~L. and {F{\"o}rster}, F. and {Mart{\'{\i}}nez}, J. and 
            {Galbany}, L. and {Gonz{\'a}lez-Gait{\'a}n}, S. and {Hamuy}, M. and 
                {de Jaeger}, T. and {Maureira}, J.~C. and {San Mart{\'{\i}}n},
                  J.
                        },
         title = "{Discovery of Distant RR Lyrae Stars in the Milky Way Using
           DECam}",
  journal = {\apj},
  archivePrefix = "arXiv",
     eprint = {1802.01581},
      keywords = {Galaxy: halo, Galaxy: stellar content, Galaxy: structure,
        stars: variables: RR Lyrae },
           year = 2018,
               month = mar,
                  volume = 855,
                        eid = {43},
                            pages = {43},
                                  doi = {10.3847/1538-4357/aaad02},
                                     adsurl =
                                     {http://adsabs.harvard.edu/abs/2018ApJ...855...43M},
                                       adsnote = {Provided by the SAO/NASA
                                         Astrophysics Data System}
}


@ARTICLE{Hernitschek18,
     author = {{Hernitschek}, N. and {Cohen}, J.~G. and {Rix}, H.-W. and
       {Sesar}, B. and 
        {Martin}, N.~F. and {Magnier}, E. and {Wainscoat}, R. and {Kaiser}, N.
        and 
            {Tonry}, J.~L. and {Kudritzki}, R.-P. and {Hodapp}, K. and
        {Chambers}, K. and 
            {Flewelling}, H. and {Burgett}, W.},
         title = "{The Profile of the Galactic Halo from Pan-STARRS1 3{$\pi$} RR
           Lyrae}",
    journal = {\apj},
    archivePrefix = "arXiv",
       eprint = {1801.10260},
        keywords = {Galaxy: halo, stars: variables: RR Lyrae },
             year = 2018,
                 month = may,
                    volume = 859,
                          eid = {31},
                              pages = {31},
                                    doi = {10.3847/1538-4357/aabfbb},
                                       adsurl =
                                       {http://adsabs.harvard.edu/abs/2018ApJ...859...31H},
                                         adsnote = {Provided by the SAO/NASA
                                           Astrophysics Data System}
}


@ARTICLE{Mateu18,
     author = {{Mateu}, C. and {Read}, J.~I. and {Kawata}, D.},
     title = "{Fourteen candidate RR Lyrae star streams in the inner Galaxy}",
     journal = {\mnras},
     archivePrefix = "arXiv",
     eprint = {1711.03967},
     keywords = {methods: data analysis, astronomical data bases:
     	miscellaneous, stars: variables: RR Lyrae, Galaxy:halo, Galaxy:structure},
     year = 2018,
     month = mar,
     volume = 474,
     pages = {4112-4129},
     doi = {10.1093/mnras/stx2937},
     adsurl = {http://adsabs.harvard.edu/abs/2018MNRAS.474.4112M},
     adsnote = {Provided by the SAO/NASA Astrophysics Data System}
}


@ARTICLE{Furlanetto02,
	author = {{Furlanetto}, Steven R. and {Loeb}, Abraham},
	title = "{Constraining the Collisional Nature of the Dark
		Matter through
		Observations of Gravitational Wakes}",
	journal = {\apj},
		keywords = {Cosmology: Dark Matter, Galaxies: Clusters: General,
		Hydrodynamics,
		X-Rays: Galaxies: Clusters, Astrophysics},
	year = 2002,
	month = Feb,
	volume = {565},
	pages = {854-866},
	doi = {10.1086/324693},
	archivePrefix = {arXiv},
	eprint = {astro-ph/0107567},
	primaryClass = {astro-ph},
	adsurl = {https://ui.adsabs.harvard.edu/#abs/2002ApJ...565..854F},
	adsnote	= {Provided by the SAO/NASA Astrophysics Data System}
}





@ARTICLE{vandenbosch18b,
     author = {{van den Bosch}, Frank C. and {Ogiya}, Go},
     title = "{Dark matter substructure in numerical simulations: a
               tale of discreteness noise, runaway instabilities, and
               artificial disruption}",
     journal = {\mnras},
     keywords = {instabilities, methods: numerical, galaxies: haloes,
                 dark matter, Astrophysics - Astrophysics of Galaxies, Astrophysics -
                 Cosmology and Nongalactic Astrophysics},
     year = 2018,
     month = Apr,
     volume = {475},
     pages = {4066-4087},
     doi = {10.1093/mnras/sty084},
     primaryClass = {astro-ph.GA},
     adsurl = {https://ui.adsabs.harvard.edu/#abs/2018MNRAS.475.4066V},
     adsnote = {Provided by the SAO/NASA Astrophysics Data System}
}


@ARTICLE{Bullock05,
       author = {{Bullock}, James S. and {Johnston}, Kathryn V.},
        title = "{Tracing Galaxy Formation with Stellar Halos. I. Methods}",
      journal = {\apj},
     keywords = {Cosmology: Dark Matter, Galaxies: Dwarf, Galaxies: Evolution, Galaxies:
        Formation, Galaxies: Halos, Galaxies: Kinematics and Dynamics,
        Galaxy: Evolution, Galaxy: Formation, Galaxy: Halo, Galaxy:
        Kinematics and Dynamics, Galaxies: Local Group, Astrophysics},
         year = 2005,
        month = Dec,
       volume = {635},
        pages = {931-949},
          doi = {10.1086/497422},
archivePrefix = {arXiv},
       eprint = {astro-ph/0506467},
 primaryClass = {astro-ph},
       adsurl = {https://ui.adsabs.harvard.edu/#abs/2005ApJ...635..931B},
      adsnote = {Provided by the SAO/NASA Astrophysics Data System}
}



@ARTICLE{vandenbosch18a,
         author = {{van den Bosch}, Frank C. and {Ogiya}, Go and {Hahn}, Oliver
           and
                     {Burkert}, Andreas},
                 title = "{Disruption of dark matter substructure: fact or
                   fiction?}",
      journal = {\mnras},
           keywords = {gravitation, methods: analytical, methods: numerical,
             galaxies: haloes,
                     dark matter, Astrophysics - Astrophysics of Galaxies,
                             Astrophysics - Cosmology and Nongalactic
                               Astrophysics},
                    year = 2018,
                            month = Mar,
                                   volume = {474},
                                           pages = {3043-3066},
                                                     doi =
                                                     {10.1093/mnras/stx2956},
                                                      primaryClass =
                                                      {astro-ph.GA},
                                                             adsurl =
                                                             {https://ui.adsabs.harvard.edu/#abs/2018MNRAS.474.3043V},
                                                                   adsnote =
                                                                   {Provided by
                                                                     the
                                                                       SAO/NASA
                                                                       Astrophysics
                                                                       Data
                                                                       System}
}




@ARTICLE{Read06,
   author = {{Read}, J.~I. and {Goerdt}, T. and {Moore}, B. and {Pontzen}, A.~P. and 
	{Stadel}, J. and {Lake}, G.},
    title = "{Dynamical friction in constant density cores: a failure of the Chandrasekhar formula}",
  journal = {\mnras},
   eprint = {astro-ph/0606636},
 keywords = {galaxies: dwarf, galaxies: kinematics and dynamics},
     year = 2006,
    month = dec,
   volume = 373,
    pages = {1451-1460},
      doi = {10.1111/j.1365-2966.2006.11022.x},
   adsurl = {http://adsabs.harvard.edu/abs/2006MNRAS.373.1451R},
  adsnote = {Provided by the SAO/NASA Astrophysics Data System}
}

@ARTICLE{Koposov18,
       author = {{Koposov}, S.~E. and {Belokurov}, V. and {Li}, T.~S. and {Mateu}, C. and
        {Erkal}, D. and {Grillmair}, C.~J. and {Hendel}, D. and {Price-
        Whelan}, A.~M. and {Laporte}, C.~F.~P. and {Hawkins}, K. and
        {Sohn}, S.~T. and {del Pino}, A. and {Evans}, N.~W. and
        {Slater}, C.~T. and {Kallivayalil}, N. and {Navarro}, J.~F.},
        title = "{Piercing the Milky Way: an all-sky view of the Orphan Stream}",
      journal = {arXiv e-prints},
     keywords = {Astrophysics - Astrophysics of Galaxies},
         year = 2018,
        month = Dec,
          eid = {arXiv:1812.08172},
        page {arXiv:1812.08172},
archivePrefix = {arXiv},
       eprint = {1812.08172},
 primaryClass = {astro-ph.GA},
       adsurl = {https://ui.adsabs.harvard.edu/\#abs/2018arXiv181208172K},
      adsnote = {Provided by the SAO/NASA Astrophysics Data System}
}




@ARTICLE{Hui17,
       author = {{Hui}, Lam and {Ostriker}, Jeremiah P. and {Tremaine}, Scott and
        {Witten}, Edward},
        title = "{Ultralight scalars as cosmological dark matter}",
      journal = {\prd},
     keywords = {Astrophysics - Cosmology and Nongalactic Astrophysics, Astrophysics -
        Astrophysics of Galaxies, High Energy Physics - Phenomenology,
        High Energy Physics - Theory},
         year = 2017,
        month = Feb,
       volume = {95},
          eid = {043541},
        pages = {043541},
          doi = {10.1103/PhysRevD.95.043541},
 primaryClass = {astro-ph.CO},
       adsurl = {https://ui.adsabs.harvard.edu/#abs/2017PhRvD..95d3541H},
      adsnote = {Provided by the SAO/NASA Astrophysics Data System}
}


@ARTICLE{Laporte18,
         author = {{Laporte}, Chervin F.~P. and {Johnston}, Kathryn V. and
           {G{\'o}mez},
                   Facundo A. and {Garavito-Camargo}, Nicolas and {Besla},
                   Gurtina},
                 title = "{The influence of Sagittarius and the Large Magellanic
                   Cloud on the
                           stellar disc of the Milky Way Galaxy}",
        journal = {\mnras},
             keywords = {Galaxy: structure, Galaxy: kinematics and dynamics,
               Galaxy: evolution,
                       Galaxy: formation, Galaxy: disc, Galaxy: halo,
                       Astrophysics -
                                 Astrophysics of Galaxies},
                      year = 2018,
                              month = Jun,
                                      pages = {1495},
                                                doi = {10.1093/mnras/sty1574},
                                                 primaryClass = {astro-ph.GA},
                                                        adsurl =
                                                        {https://ui.adsabs.harvard.edu/#abs/2018MNRAS.tmp.1495L},
                                                              adsnote =
                                                              {Provided by the
                                                                SAO/NASA
                                                                  Astrophysics
                                                                  Data System}
}


@ARTICLE{Laporte18a,
       author = {{Laporte}, Chervin F.~P. and {G{\'o}mez}, Facundo A. and {Besla},
        Gurtina and {Johnston}, Kathryn V. and {Garavito-Camargo},
        Nicolas},
        title = "{Response of the Milky Way's disc to the Large Magellanic Cloud in a
        first infall scenario}",
      journal = {\mnras},
     keywords = {Galaxy: disc, Galaxy: evolution, Galaxy: kinematics and dynamics,
        Galaxy: structure},
         year = 2018,
        month = Jan,
       volume = {473},
        pages = {1218-1230},
          doi = {10.1093/mnras/stx2146},
       adsurl = {https://ui.adsabs.harvard.edu/#abs/2018MNRAS.473.1218L},
      adsnote = {Provided by the SAO/NASA Astrophysics Data System}
}


@ARTICLE{Ivezic13,
   author = {{Ivezi{\'c}}, {\v Z}. and {Beers}, T.~C. and {Juri{\'c}}, M.
	},
    title = "{Galactic Stellar Populations in the Era of the Sloan Digital Sky Survey and Other Large Surveys}",
  journal = {\araa},
archivePrefix = "arXiv",
   eprint = {1308.6386},
     year = 2012,
    month = sep,
   volume = 50,
    pages = {251-304},
      doi = {10.1146/annurev-astro-081811-125504},
   adsurl = {http://adsabs.harvard.edu/abs/2012ARA%26A..50..251I},
  adsnote = {Provided by the SAO/NASA Astrophysics Data System}
}




@ARTICLE{Ivezic08,
       author = {{Ivezi{\'c}}, {\v{Z}}eljko and {Kahn}, Steven M. and {Tyson}, J. Anthony
        and {Abel}, Bob and {Acosta}, Emily and {Allsman}, Robyn and
        {Alonso}, David and {AlSayyad}, Yusra and {Anderson}, Scott F.
        and {Andrew}, John and {Angel}, James Roger P. and {Angeli},
        George Z. and {Ansari}, Reza and {Antilogus}, Pierre and
        {Araujo}, Constanza and {Armstrong}, Robert and {Arndt}, Kirk T.
        and {Astier}, Pierre and {Aubourg}, {\'E}ric and {Auza}, Nicole
        and {Axelrod}, Tim S. and {Bard}, Deborah J. and {Barr}, Jeff D.
        and {Barrau}, Aurelian and {Bartlett}, James G. and {Bauer},
        Amanda E. and {Bauman}, Brian J. and {Baumont}, Sylvain and
        {Becker}, Andrew C. and {Becla}, Jacek and {Beldica}, Cristina
        and {Bellavia}, Steve and {Bianco}, Federica B. and {Biswas},
        Rahul and {Blanc}, Guillaume and {Blazek}, Jonathan and
        {Blandford}, Roger D. and {Bloom}, Josh S. and {Bogart}, Joanne
        and {Bond}, Tim W. and {Borgland}, Anders W. and {Borne}, Kirk
        and {Bosch}, James F. and {Boutigny}, Dominique and {Brackett},
        Craig A. and {Bradshaw}, Andrew and {Nielsen Brandt}, William
        and {Brown}, Michael E. and {Bullock}, James S. and {Burchat},
        Patricia and {Burke}, David L. and {Cagnoli}, Gianpietro and
        {Calabrese}, Daniel and {Callahan}, Shawn and {Callen}, Alice L.
        and {Chandrasekharan}, Srinivasan and {Charles-Emerson},
        Glenaver and {Chesley}, Steve and {Cheu}, Elliott C. and
        {Chiang}, Hsin-Fang and {Chiang}, James and {Chirino}, Carol and
        {Chow}, Derek and {Ciardi}, David R. and {Claver}, Charles F.
        and {Cohen-Tanugi}, Johann and {Cockrum}, Joseph J. and {Coles},
        Rebecca and {Connolly}, Andrew J. and {Cook}, Kem H. and
        {Cooray}, Asantha and {Covey}, Kevin R. and {Cribbs}, Chris and
        {Cui}, Wei and {Cutri}, Roc and {Daly}, Philip N. and {Daniel},
        Scott F. and {Daruich}, Felipe and {Daubard}, Guillaume and
        {Daues}, Greg and {Dawson}, William and {Delgado}, Francisco and
        {Dellapenna}, Alfred and {de Peyster}, Robert and {de Val-
        Borro}, Miguel and {Digel}, Seth W. and {Doherty}, Peter and
        {Dubois}, Richard and {Dubois-Felsmann}, Gregory P. and
        {Durech}, Josef and {Economou}, Frossie and {Eracleous}, Michael
        and {Ferguson}, Henry and {Figueroa}, Enrique and {Fisher-
        Levine}, Merlin and {Focke}, Warren and {Foss}, Michael D. and
        {Frank}, James and {Freemon}, Michael D. and {Gangler}, Emmanuel
        and {Gawiser}, Eric and {Geary}, John C. and {Gee}, Perry and
        {Geha}, Marla and {Gessner}, Charles J.~B. and {Gibson}, Robert
        R. and {Gilmore}, D. Kirk and {Glanzman}, Thomas and {Glick},
        William and {Goldina}, Tatiana and {Goldstein}, Daniel A. and
        {Goodenow}, Iain and {Graham}, Melissa L. and {Gressler},
        William J. and {Gris}, Philippe and {Guy}, Leanne P. and
        {Guyonnet}, Augustin and {Haller}, Gunther and {Harris}, Ron and
        {Hascall}, Patrick A. and {Haupt}, Justine and {Hernandez},
        Fabio and {Herrmann}, Sven and {Hileman}, Edward and {Hoblitt},
        Joshua and {Hodgson}, John A. and {Hogan}, Craig and {Huang},
        Dajun and {Huffer}, Michael E. and {Ingraham}, Patrick and
        {Innes}, Walter R. and {Jacoby}, Suzanne H. and {Jain}, Bhuvnesh
        and {Jammes}, Fabrice and {Jee}, James and {Jenness}, Tim and
        {Jernigan}, Garrett and {Jevremovi{\'c}}, Darko and {Johns},
        Kenneth and {Johnson}, Anthony S. and {Johnson}, Margaret W.~G.
        and {Jones}, R. Lynne and {Juramy-Gilles}, Claire and
        {Juri{\'c}}, Mario and {Kalirai}, Jason S. and {Kallivayalil},
        Nitya J. and {Kalmbach}, Bryce and {Kantor}, Jeffrey P. and
        {Karst}, Pierre and {Kasliwal}, Mansi M. and {Kelly}, Heather
        and {Kessler}, Richard and {Kinnison}, Veronica and {Kirkby},
        David and {Knox}, Lloyd and {Kotov}, Ivan V. and {Krabbendam},
        Victor L. and {Krughoff}, K. Simon and {Kub{\'a}nek}, Petr and
        {Kuczewski}, John and {Kulkarni}, Shri and {Ku}, John and
        {Kurita}, Nadine R. and {Lage}, Craig S. and {Lambert}, Ron and
        {Lange}, Travis and {Langton}, J. Brian and {Le Guillou},
        Laurent and {Levine}, Deborah and {Liang}, Ming and {Lim}, Kian-
        Tat and {Lintott}, Chris J. and {Long}, Kevin E. and {Lopez},
        Margaux and {Lotz}, Paul J. and {Lupton}, Robert H. and {Lust},
        Nate B. and {MacArthur}, Lauren A. and {Mahabal}, Ashish and
        {Mandelbaum}, Rachel and {Marsh}, Darren S. and {Marshall},
        Philip J. and {Marshall}, Stuart and {May}, Morgan and
        {McKercher}, Robert and {McQueen}, Michelle and {Meyers}, Joshua
        and {Migliore}, Myriam and {Miller}, Michelle and {Mills}, David
        J. and {Miraval}, Connor and {Moeyens}, Joachim and {Monet},
        David G. and {Moniez}, Marc and {Monkewitz}, Serge and
        {Montgomery}, Christopher and {Mueller}, Fritz and {Muller},
        Gary P. and {Mu{\~n}oz Arancibia}, Freddy and {Neill}, Douglas
        R. and {Newbry}, Scott P. and {Nief}, Jean-Yves and
        {Nomerotski}, Andrei and {Nordby}, Martin and {O'Connor}, Paul
        and {Oliver}, John and {Olivier}, Scot S. and {Olsen}, Knut and
        {O'Mullane}, William and {Ortiz}, Sandra and {Osier}, Shawn and
        {Owen}, Russell E. and {Pain}, Reynald and {Palecek}, Paul E.
        and {Parejko}, John K. and {Parsons}, James B. and {Pease},
        Nathan M. and {Peterson}, J. Matt and {Peterson}, John R. and
        {Petravick}, Donald L. and {Libby Petrick}, M.~E. and {Petry},
        Cathy E. and {Pierfederici}, Francesco and {Pietrowicz}, Stephen
        and {Pike}, Rob and {Pinto}, Philip A. and {Plante}, Raymond and
        {Plate}, Stephen and {Price}, Paul A. and {Prouza}, Michael and
        {Radeka}, Veljko and {Rajagopal}, Jayadev and {Rasmussen},
        Andrew P. and {Regnault}, Nicolas and {Reil}, Kevin A. and
        {Reiss}, David J. and {Reuter}, Michael A. and {Ridgway},
        Stephen T. and {Riot}, Vincent J. and {Ritz}, Steve and
        {Robinson}, Sean and {Roby}, William and {Roodman}, Aaron and
        {Rosing}, Wayne and {Roucelle}, Cecille and {Rumore}, Matthew R.
        and {Russo}, Stefano and {Saha}, Abhijit and {Sassolas}, Benoit
        and {Schalk}, Terry L. and {Schellart}, Pim and {Schindler},
        Rafe H. and {Schmidt}, Samuel and {Schneider}, Donald P. and
        {Schneider}, Michael D. and {Schoening}, William and
        {Schumacher}, German and {Schwamb}, Megan E. and {Sebag},
        Jacques and {Selvy}, Brian and {Sembroski}, Glenn H. and
        {Seppala}, Lynn G. and {Serio}, Andrew and {Serrano}, Eduardo
        and {Shaw}, Richard A. and {Shipsey}, Ian and {Sick}, Jonathan
        and {Silvestri}, Nicole and {Slater}, Colin T. and {Smith}, J.
        Allyn and {Smith}, R. Chris and {Sobhani}, Shahram and
        {Soldahl}, Christine and {Storrie-Lombardi}, Lisa and {Stover},
        Edward and {Strauss}, Michael A. and {Street}, Rachel A. and
        {Stubbs}, Christopher W. and {Sullivan}, Ian S. and {Sweeney},
        Donald and {Swinbank}, John D. and {Szalay}, Alexander and
        {Takacs}, Peter and {Tether}, Stephen A. and {Thaler}, Jon J.
        and {Thayer}, John Gregg and {Thomas}, Sandrine and {Thukral},
        Vaikunth and {Tice}, Jeffrey and {Trilling}, David E. and
        {Turri}, Max and {Van Berg}, Richard and {Vanden Berk}, Daniel
        and {Vetter}, Kurt and {Virieux}, Francoise and {Vucina},
        Tomislav and {Wahl}, William and {Walkowicz}, Lucianne and
        {Walsh}, Brian and {Walter}, Christopher W. and {Wang}, Daniel
        L. and {Wang}, Shin-Yawn and {Warner}, Michael and {Wiecha},
        Oliver and {Willman}, Beth and {Winters}, Scott E. and
        {Wittman}, David and {Wolff}, Sidney C. and {Wood-Vasey}, W.
        Michael and {Wu}, Xiuqin and {Xin}, Bo and {Yoachim}, Peter and
        {Zhan}, Hu and {for the LSST Collaboration}},
        title = "{LSST: from Science Drivers to Reference Design and Anticipated Data
        Products}",
      journal = {ArXiv e-prints},
     keywords = {Astrophysics},
         year = 2008,
        month = May,
          eid = {arXiv:0805.2366},
        pages = {arXiv:0805.2366},
archivePrefix = {arXiv},
       eprint = {0805.2366},
 primaryClass = {astro-ph},
       adsurl = {https://ui.adsabs.harvard.edu/#abs/2008arXiv0805.2366I},
      adsnote = {Provided by the SAO/NASA Astrophysics Data System}
}


@ARTICLE{Dierickx17,
       author = {{Dierickx}, Marion I.~P. and {Loeb}, Abraham},
        title = "{Predicted Extension of the Sagittarius Stream to the Milky Way Virial
        Radius}",
      journal = {\apj},
     keywords = {galaxies: interactions, Galaxy: halo, Galaxy: kinematics and dynamics,
        Local Group, Astrophysics - Astrophysics of Galaxies},
         year = 2017,
        month = Feb,
       volume = {836},
          eid = {92},
        pages = {92},
          doi = {10.3847/1538-4357/836/1/92},
 primaryClass = {astro-ph.GA},
       adsurl = {https://ui.adsabs.harvard.edu/#abs/2017ApJ...836...92D},
      adsnote = {Provided by the SAO/NASA Astrophysics Data System}
}

@ARTICLE{Fardal18,
       author = {{Fardal}, Mark A. and {van der Marel}, Roeland P. and {Law}, David R.
        and {Sohn}, Sangmo Tony and {Sesar}, Branimir and {Hernitschek},
        Nina and {Rix}, Hans-Walter},
        title = "{Connecting the Milky Way potential profile to the orbital timescales and
        spatial structure of the Sagittarius Stream}",
      journal = {ArXiv e-prints},
     keywords = {Astrophysics - Astrophysics of Galaxies},
         year = 2018,
        month = Apr,
          eid = {arXiv:1804.04995},
        pages = {arXiv:1804.04995},
archivePrefix = {arXiv},
       eprint = {1804.04995},
 primaryClass = {astro-ph.GA},
       adsurl = {https://ui.adsabs.harvard.edu/#abs/2018arXiv180404995F},
      adsnote = {Provided by the SAO/NASA Astrophysics Data System}
}



@ARTICLE{Deason18,
         author = {{Deason}, Alis J. and {Belokurov}, Vasily and {Koposov},
           Sergey E.},
                 title = "{To the Galactic Virial Radius with Hyper
                   Suprime-Cam}",
        journal = {\apj},
             keywords = {Galaxy: halo, Galaxy: stellar content, Galaxy:
               structure, Magellanic
                         Clouds, Astrophysics - Astrophysics of Galaxies},
                      year = 2018,
                              month = Jan,
                                     volume = {852},
                                               eid = {118},
                                                       pages = {118},
                                                                 doi =
                                                                 {10.3847/1538-4357/aa9d19},
                                                                  primaryClass =
                                                                    {astro-ph.GA},
                                                                         adsurl
                                                                           =
                                                                           {https://ui.adsabs.harvard.edu/#abs/2018ApJ...852..118D},
                                                                               adsnote
                                                                                 =
                                                                                 {Provided
                                                                                   by
                                                                                     the
                                                                                     SAO/NASA
                                                                                     Astrophysics
                                                                                     Data
                                                                                     System}
}

@ARTICLE{Pardy18,
       author = {{Pardy}, Stephen A. and {D'Onghia}, Elena and {Fox}, Andrew J.},
        title = "{Models of Tidally Induced Gas Filaments in the Magellanic Stream}",
      journal = {\apj},
     keywords = {galaxies: dwarf, galaxies: interactions, Magellanic Clouds, Astrophysics
        - Astrophysics of Galaxies},
         year = 2018,
        month = Apr,
       volume = {857},
          eid = {101},
        pages = {101},
          doi = {10.3847/1538-4357/aab95b},
 primaryClass = {astro-ph.GA},
       adsurl = {https://ui.adsabs.harvard.edu/#abs/2018ApJ...857..101P},
      adsnote = {Provided by the SAO/NASA Astrophysics Data System}
}


@ARTICLE{Sales11,
       author = {{Sales}, Laura V. and {Navarro}, Julio F. and {Cooper}, Andrew P. and
        {White}, Simon D.~M. and {Frenk}, Carlos S. and {Helmi}, Amina},
        title = "{Clues to the 'Magellanic Galaxy' from cosmological simulations}",
      journal = {\mnras},
     keywords = {galaxies: evolution, galaxies: formation, galaxies: haloes, galaxies:
        kinematics and dynamics, Magellanic Clouds, Astrophysics -
        Astrophysics of Galaxies},
         year = 2011,
        month = Nov,
       volume = {418},
        pages = {648-658},
          doi = {10.1111/j.1365-2966.2011.19514.x},
archivePrefix = {arXiv},
       eprint = {1105.0425},
 primaryClass = {astro-ph.GA},
       adsurl = {https://ui.adsabs.harvard.edu/#abs/2011MNRAS.418..648S},
      adsnote = {Provided by the SAO/NASA Astrophysics Data System}
}


@ARTICLE{DOnghia08,
       author = {{D'Onghia}, Elena and {Lake}, George},
        title = "{Small Dwarf Galaxies within Larger Dwarfs: Why Some Are Luminous while
        Most Go Dark}",
      journal = {\apj},
     keywords = {cosmology: observations, dark matter, galaxies: clusters: general,
        galaxies: formation, Astrophysics},
         year = 2008,
        month = Oct,
       volume = {686},
        pages = {L61},
          doi = {10.1086/592995},
archivePrefix = {arXiv},
       eprint = {0802.0001},
 primaryClass = {astro-ph},
       adsurl = {https://ui.adsabs.harvard.edu/#abs/2008ApJ...686L..61D},
      adsnote = {Provided by the SAO/NASA Astrophysics Data System}
}


@ARTICLE{Kochanek96,
       author = {{Kochanek}, Christopher S.},
        title = "{The Mass of the Milky Way}",
      journal = {\apj},
     keywords = {CELESTIAL MECHANICS, STELLAR DYNAMICS, GALAXY: FUNDAMENTAL PARAMETERS,
        GALAXIES: LOCAL GROUP, GALAXY: KINEMATICS AND DYNAMICS,
        Astrophysics},
         year = 1996,
        month = Jan,
       volume = {457},
        pages = {228},
          doi = {10.1086/176724},
archivePrefix = {arXiv},
       eprint = {astro-ph/9505068},
 primaryClass = {astro-ph},
       adsurl = {https://ui.adsabs.harvard.edu/#abs/1996ApJ...457..228K},
      adsnote = {Provided by the SAO/NASA Astrophysics Data System}
}



@ARTICLE{Mastropietro15,
       author = {{Mastropietro}, C. and {Moore}, B. and {Mayer}, L. and {Wadsley}, J. and
        {Stadel}, J.},
        title = "{The gravitational and hydrodynamical interaction between the Large
        Magellanic Cloud and the Galaxy}",
      journal = {\mnras},
     keywords = {hydrodynamics, methods: N-body simulations, galaxies: interactions,
        Magellanic Clouds, galaxies: evolution, galaxies: formation,
        galaxies: starburst, cosmology: observations, infrared:
        galaxies, submillimetre, Astrophysics},
         year = 2005,
        month = Oct,
       volume = {363},
        pages = {509-520},
          doi = {10.1111/j.1365-2966.2005.09435.x},
archivePrefix = {arXiv},
       eprint = {astro-ph/0412312},
 primaryClass = {astro-ph},
       adsurl = {https://ui.adsabs.harvard.edu/\#abs/2005MNRAS.363..509M},
      adsnote = {Provided by the SAO/NASA Astrophysics Data System}
}


@ARTICLE{Guglielmo14,
       author = {{Guglielmo}, Magda and {Lewis}, Geraint F. and {Bland-Hawthorn}, Joss},
        title = "{A genetic approach to the history of the Magellanic Clouds}",
      journal = {\mnras},
     keywords = {Galaxy: halo, galaxies: interactions, Magellanic Clouds, Astrophysics -
        Astrophysics of Galaxies},
         year = 2014,
        month = Oct,
       volume = {444},
        pages = {1759-1774},
          doi = {10.1093/mnras/stu1549},
archivePrefix = {arXiv},
       eprint = {1407.8298},
 primaryClass = {astro-ph.GA},
       adsurl = {https://ui.adsabs.harvard.edu/\#abs/2014MNRAS.444.1759G},
      adsnote = {Provided by the SAO/NASA Astrophysics Data System}
}


@ARTICLE{Diaz12,
       author = {{Diaz}, Jonathan D. and {Bekki}, Kenji},
        title = "{The Tidal Origin of the Magellanic Stream and the Possibility of a
        Stellar Counterpart}",
      journal = {\apj},
     keywords = {galaxies: evolution, galaxies: kinematics and dynamics, Galaxy: halo,
        Magellanic Clouds, Astrophysics - Astrophysics of Galaxies},
         year = 2012,
        month = May,
       volume = {750},
          eid = {36},
        pages = {36},
          doi = {10.1088/0004-637X/750/1/36},
archivePrefix = {arXiv},
       eprint = {1112.6191},
 primaryClass = {astro-ph.GA},
       adsurl = {https://ui.adsabs.harvard.edu/\#abs/2012ApJ...750...36D},
      adsnote = {Provided by the SAO/NASA Astrophysics Data System}
}


@ARTICLE{Diaz11,
       author = {{Diaz}, Jonathan and {Bekki}, Kenji},
        title = "{Constraining the orbital history of the Magellanic Clouds: a new bound
        scenario suggested by the tidal origin of the Magellanic Stream}",
      journal = {\mnras},
     keywords = {Astrophysics - Astrophysics of Galaxies},
         year = 2011,
        month = May,
       volume = {413},
        pages = {2015-2020},
          doi = {10.1111/j.1365-2966.2011.18289.x},
archivePrefix = {arXiv},
       eprint = {1101.2500},
 primaryClass = {astro-ph.GA},
       adsurl = {https://ui.adsabs.harvard.edu/\#abs/2011MNRAS.413.2015D},
      adsnote = {Provided by the SAO/NASA Astrophysics Data System}
}


@ARTICLE{Mastropietro09,
       author = {{Mastropietro}, Chiara and {Burkert}, Andreas and {Moore}, Ben},
        title = "{Effects of ram pressure on the gas distribution and star formation in
        the Large Magellanic Cloud}",
      journal = {\mnras},
     keywords = {hydrodynamics, methods: N-body simulations, galaxies: individual: LMC,
        galaxies: interactions, Astrophysics - Cosmology and Nongalactic
        Astrophysics},
         year = 2009,
        month = Nov,
       volume = {399},
        pages = {2004-2020},
          doi = {10.1111/j.1365-2966.2009.15406.x},
archivePrefix = {arXiv},
       eprint = {0905.1126},
 primaryClass = {astro-ph.CO},
       adsurl = {https://ui.adsabs.harvard.edu/\#abs/2009MNRAS.399.2004M},
      adsnote = {Provided by the SAO/NASA Astrophysics Data System}
}

@ARTICLE{Roediger06,
       author = {{Roediger}, Elke and {Br{\"u}ggen}, Marcus},
        title = "{Ram pressure stripping of disc galaxies: the role of the inclination
        angle}",
      journal = {\mnras},
     keywords = {galaxies: clusters: general: galaxies: evolution: galaxies: ISM:
        galaxies: spiral, galaxies: clusters: general, galaxies:
        evolution, galaxies: ISM, galaxies: spiral, Astrophysics},
         year = 2006,
        month = Jun,
       volume = {369},
        pages = {567-580},
          doi = {10.1111/j.1365-2966.2006.10335.x},
archivePrefix = {arXiv},
       eprint = {astro-ph/0512365},
 primaryClass = {astro-ph},
       adsurl = {https://ui.adsabs.harvard.edu/\#abs/2006MNRAS.369..567R},
      adsnote = {Provided by the SAO/NASA Astrophysics Data System}
}









% software 

@article{astropy:2013,
Adsnote = {Provided by the SAO/NASA Astrophysics Data System},
Adsurl = {http://adsabs.harvard.edu/abs/2013A%26A...558A..33A},
Archiveprefix = {arXiv},
Author = {{Astropy Collaboration} and {Robitaille}, T.~P. and {Tollerud}, E.~J. and {Greenfield}, P. and {Droettboom}, M. and {Bray}, E. and {Aldcroft}, T. and {Davis}, M. and {Ginsburg}, A. and {Price-Whelan}, A.~M. and {Kerzendorf}, W.~E. and {Conley}, A. and {Crighton}, N. and {Barbary}, K. and {Muna}, D. and {Ferguson}, H. and {Grollier}, F. and {Parikh}, M.~M. and {Nair}, P.~H. and {Unther}, H.~M. and {Deil}, C. and {Woillez}, J. and {Conseil}, S. and {Kramer}, R. and {Turner}, J.~E.~H. and {Singer}, L. and {Fox}, R. and {Weaver}, B.~A. and {Zabalza}, V. and {Edwards}, Z.~I. and {Azalee Bostroem}, K. and {Burke}, D.~J. and {Casey}, A.~R. and {Crawford}, S.~M. and {Dencheva}, N. and {Ely}, J. and {Jenness}, T. and {Labrie}, K. and {Lim}, P.~L. and {Pierfederici}, F. and {Pontzen}, A. and {Ptak}, A. and {Refsdal}, B. and {Servillat}, M. and {Streicher}, O.},
Doi = {10.1051/0004-6361/201322068},
Eid = {A33},
Eprint = {1307.6212},
Journal = {aap},
Keywords = {methods: data analysis, methods: miscellaneous, virtual observatory tools},
Month = oct,
Pages = {A33},
Primaryclass = {astro-ph.IM},
Title = {{Astropy: A community Python package for astronomy}},
Volume = 558,
Year = 2013,
Bdsk-Url-1 = {https://dx.doi.org/10.1051/0004-6361/201322068}}

@article{astropy:2018,
Adsnote = {Provided by the SAO/NASA Astrophysics Data System},
Adsurl = {https://ui.adsabs.harvard.edu/#abs/2018AJ....156..123T},
Author = {{Price-Whelan}, A.~M. and {Sip{'{o}}cz}, B.~M. and {G{"u}nther}, H.~M. and {Lim}, P.~L. and {Crawford}, S.~M. and {Conseil}, S. and {Shupe}, D.~L. and {Craig}, M.~W. and {Dencheva}, N. and {Ginsburg}, A. and {VanderPlas}, J.~T. and {Bradley}, L.~D. and {P{'e}rez-Su{'a}rez}, D. and {de Val-Borro}, M. and {Paper Contributors}, (Primary and {Aldcroft}, T.~L. and {Cruz}, K.~L. and {Robitaille}, T.~P. and {Tollerud}, E.~J. and {Coordination Committee}, (Astropy and {Ardelean}, C. and {Babej}, T. and {Bach}, Y.~P. and {Bachetti}, M. and {Bakanov}, A.~V. and {Bamford}, S.~P. and {Barentsen}, G. and {Barmby}, P. and {Baumbach}, A. and {Berry}, K.~L. and {Biscani}, F. and {Boquien}, M. and {Bostroem}, K.~A. and {Bouma}, L.~G. and {Brammer}, G.~B. and {Bray}, E.~M. and {Breytenbach}, H. and {Buddelmeijer}, H. and {Burke}, D.~J. and {Calderone}, G. and {Cano Rodr{'i}guez}, J.~L. and {Cara}, M. and {Cardoso}, J.~V.~M. and {Cheedella}, S. and {Copin}, Y. and {Corrales}, L. and {Crichton}, D. and {D{	extquoteright}Avella}, D. and {Deil}, C. and {Depagne}, {'E}. and {Dietrich}, J.~P. and {Donath}, A. and {Droettboom}, M. and {Earl}, N. and {Erben}, T. and {Fabbro}, S. and {Ferreira}, L.~A. and {Finethy}, T. and {Fox}, R.~T. and {Garrison}, L.~H. and {Gibbons}, S.~L.~J. and {Goldstein}, D.~A. and {Gommers}, R. and {Greco}, J.~P. and {Greenfield}, P. and {Groener}, A.~M. and {Grollier}, F. and {Hagen}, A. and {Hirst}, P. and {Homeier}, D. and {Horton}, A.~J. and {Hosseinzadeh}, G. and {Hu}, L. and {Hunkeler}, J.~S. and {Ivezi{'c}}, {{Z}}. and {Jain}, A. and {Jenness}, T. and {Kanarek}, G. and {Kendrew}, S. and {Kern}, N.~S. and {Kerzendorf}, W.~E. and {Khvalko}, A. and {King}, J. and {Kirkby}, D. and {Kulkarni}, A.~M. and {Kumar}, A. and {Lee}, A. and {Lenz}, D. and {Littlefair}, S.~P. and {Ma}, Z. and {Macleod}, D.~M. and {Mastropietro}, M. and {McCully}, C. and {Montagnac}, S. and {Morris}, B.~M. and {Mueller}, M. and {Mumford}, S.~J. and {Muna}, D. and {Murphy}, N.~A. and {Nelson}, S. and {Nguyen}, G.~H. and {Ninan}, J.~P. and {N{"o}the}, M. and {Ogaz}, S. and {Oh}, S. and {Parejko}, J.~K. and {Parley}, N. and {Pascual}, S. and {Patil}, R. and {Patil}, A.~A. and {Plunkett}, A.~L. and {Prochaska}, J.~X. and {Rastogi}, T. and {Reddy Janga}, V. and {Sabater}, J. and {Sakurikar}, P. and {Seifert}, M. and {Sherbert}, L.~E. and {Sherwood-Taylor}, H. and {Shih}, A.~Y. and {Sick}, J. and {Silbiger}, M.~T. and {Singanamalla}, S. and {Singer}, L.~P. and {Sladen}, P.~H. and {Sooley}, K.~A. and {Sornarajah}, S. and {Streicher}, O. and {Teuben}, P. and {Thomas}, S.~W. and {Tremblay}, G.~R. and {Turner}, J.~E.~H. and {Terr{'o}n}, V. and {van Kerkwijk}, M.~H. and {de la Vega}, A. and {Watkins}, L.~L. and {Weaver}, B.~A. and {Whitmore}, J.~B. and {Woillez}, J. and {Zabalza}, V. and {Contributors}, (Astropy},
Doi = {10.3847/1538-3881/aabc4f},
Eid = {123},
Journal = {aj},
Keywords = {methods: data analysis, methods: miscellaneous, methods: statistical, reference systems, Astrophysics - Instrumentation and Methods for Astrophysics},
Month = Sep,
Pages = {123},
Primaryclass = {astro-ph.IM},
Title = {{The Astropy Project: Building an Open-science Project and Status of the v2.0 Core Package}},
Volume = {156},
Year = 2018,
Bdsk-Url-1 = {https://doi.org/10.3847/1538-3881/aabc4f}}

@MISC{pygadgetreader,
   author = {{Thompson}, R.},
     title = "{pyGadgetReader: GADGET snapshot reader for python}",
    keywords = {Software},
  howpublished = {Astrophysics Source Code Library},
     year = 2014,
       month = nov,
     archivePrefix = "ascl",
      eprint = {1411.001},
       adsurl = {http://adsabs.harvard.edu/abs/2014ascl.soft11001T},
       adsnote = {Provided by the SAO/NASA Astrophysics Data System}
         
}
@Article{Hunter:2007,
           Author    = {Hunter, J. D.},
             Title     = {Matplotlib: A 2D graphics environment},
               Journal   = {Computing In Science \& Engineering},
                 Volume    = {9},
                   Number    = {3},
                     Pages     = {90--95},
                       abstract  = {Matplotlib is a 2D graphics package used for
                         Python
                             for application development, interactive scripting,
                               and
                                   publication-quality image generation across
                                   user
                                     interfaces and operating systems.},
                         publisher = {IEEE COMPUTER SOC},
                           doi       = {10.1109/MCSE.2007.55},
                             year      = 2007
       }

@Misc{scipy,
  author =    {Eric Jones and Travis Oliphant and Pearu Peterson and others},
  title =     {{SciPy}: Open source scientific tools for {Python}},
  year =      {2001--},
  url = "http://www.scipy.org/",
  note = {[Online; accessed <today>]}
}

@article{scikit-learn,
 title={Scikit-learn: Machine Learning in {P}ython},
 author={Pedregosa, F. and Varoquaux, G. and Gramfort, A. and Michel, V.
         and Thirion, B. and Grisel, O. and Blondel, M. and Prettenhofer, P.
         and Weiss, R. and Dubourg, V. and Vanderplas, J. and Passos, A. and
         Cournapeau, D. and Brucher, M. and Perrot, M. and Duchesnay, E.},
 journal={Journal of Machine Learning Research},
 volume={12},
 pages={2825--2830},
 year={2011}
}

@inproceedings{sklearn_api,
  author    = {Lars Buitinck and Gilles Louppe and Mathieu Blondel and
               Fabian Pedregosa and Andreas Mueller and Olivier Grisel and
               Vlad Niculae and Peter Prettenhofer and Alexandre Gramfort
               and Jaques Grobler and Robert Layton and Jake VanderPlas and
               Arnaud Joly and Brian Holt and Ga{\"{e}}l Varoquaux},
  title     = {{API} design for machine learning software: experiences from the scikit-learn
               project},
  booktitle = {ECML PKDD Workshop: Languages for Data Mining and Machine Learning},
  year      = {2013},
  pages = {108--122},
}

@Article{ipython,
  Author    = {P\'erez, Fernando and Granger, Brian E.},
  Title     = {{IP}ython: a System for Interactive Scientific Computing},
  Journal   = {Computing in Science and Engineering},
  Volume    = {9},
  Number    = {3},
  Pages     = {21--29},
  month     = may,
  year      = 2007,
  url       = "https://ipython.org",
  ISSN      = "1521-9615",
  doi       = {10.1109/MCSE.2007.53},
  publisher = {IEEE Computer Society},
}

@ARTICLE{healpy,
       author = {{G{\'o}rski}, K.~M. and {Hivon}, E. and {Banday}, A.~J. and {Wandelt},
        B.~D. and {Hansen}, F.~K. and {Reinecke}, M. and {Bartelmann},
        M.},
        title = "{HEALPix: A Framework for High-Resolution Discretization and Fast
        Analysis of Data Distributed on the Sphere}",
      journal = {\apj},
     keywords = {Cosmology: Cosmic Microwave Background, Cosmology: Observations,
        Methods: Statistical, Astrophysics},
         year = 2005,
        month = Apr,
       volume = {622},
        pages = {759-771},
          doi = {10.1086/427976},
archivePrefix = {arXiv},
       eprint = {astro-ph/0409513},
 primaryClass = {astro-ph},
       adsurl = {https://ui.adsabs.harvard.edu/#abs/2005ApJ...622..759G},
      adsnote = {Provided by the SAO/NASA Astrophysics Data System}
}

@conference{jupyter,
	Author = {Thomas Kluyver and Benjamin Ragan-Kelley and Fernando P{\'e}rez and Brian Granger and Matthias Bussonnier and Jonathan Frederic and Kyle Kelley and Jessica Hamrick and Jason Grout and Sylvain Corlay and Paul Ivanov and Dami{\'a}n Avila and Safia Abdalla and Carol Willing},
	Booktitle = {Positioning and Power in Academic Publishing: Players, Agents and Agendas},
	Editor = {F. Loizides and B. Schmidt},
	Organization = {IOS Press},
	Pages = {87 - 90},
	Title = {Jupyter Notebooks -- a publishing format for reproducible computational workflows},
	Year = {2016}}



@ARTICLE{numpy,
   author = {{van der Walt}, S. and {Colbert}, S.~C. and {Varoquaux}, G.},
    title = "{The NumPy Array: A Structure for Efficient Numerical Computation}",
  journal = {Computing in Science and Engineering},
archivePrefix = "arXiv",
   eprint = {1102.1523},
 primaryClass = "cs.MS",
     year = 2011,
    month = mar,
   volume = 13,
   number = 2,
    pages = {22-30},
      doi = {10.1109/MCSE.2011.37},
   adsurl = {http://adsabs.harvard.edu/abs/2011CSE....13b..22V},
  adsnote = {Provided by the SAO/NASA Astrophysics Data System}
}



% BFE

@ARTICLE{Lowing11,
       author = {{Lowing}, Ben and {Jenkins}, Adrian and {Eke}, Vincent and
         {Frenk}, Carlos},
        title = "{A halo expansion technique for approximating simulated dark matter haloes}",
      journal = {\mnras},
     keywords = {methods: numerical, galaxies: haloes, dark matter, Astrophysics - Cosmology and Nongalactic Astrophysics, Astrophysics - Astrophysics of Galaxies},
         year = "2011",
        month = "Oct",
       volume = {416},
        pages = {2697-2711},
          doi = {10.1111/j.1365-2966.2011.19222.x},
archivePrefix = {arXiv},
       eprint = {1010.6197},
 primaryClass = {astro-ph.CO},
       adsurl = {https://ui.adsabs.harvard.edu/\#abs/2011MNRAS.416.2697L},
      adsnote = {Provided by the SAO/NASA Astrophysics Data System}
}




